=LDR  02456 mi a2200577 i 4500
=001  016480422
=003  Uk
=005  20140710081018.0
=006  s||\d||||||||\\\|2
=007  cr\|||||||||||
=008  130823c20009999xxu\\\\\o\\j\\\\\\\\eng\\
=FMT  \\$a  CF
=024  7\$astm20130617b$2local
=040  \\$aUk$beng$cUk$erda
=042  \\$aukblsr
=082  04$a584.9$223
=245  00$aGramene.
=264  \1$aCold Spring Harbor, NY :$bCold Spring Harbor Laboratory,$c[2000]-
=300  \\$a1 online resource
=336  \\$acomputer dataset$2rdacontent
=336  \\$atext$2rdacontent
=337  \\$acomputer$2rdamedia
=338  \\$aonline resource$2rdacarrier
=506  \\$aData are free to access.
=520  3\$aProvides genetic and genomic information for common cereals. Species include: rice (Oryza sativa and Zizania palustris); maize (Zea mays); wheat (Triticum aestivum); barley (Hordeum vulgare); oats (Avena sp.); millet (Setaria italica, Pennisetum glaucum); rye (Secale cereale) and sorghum (Sorghum bicolor). Data can be queried and visualised on the site, but FTP download is also available for genetic maps, protein data, microsatellites and rice genes.
=540  \\$aCreators/Contributors retain copyright.
=584  \\$aAccepting data submissions: No.
=588  \\$aDescription based on contents viewed on July 10, 2014; title from database home page.
=650  \0$aGrain$xGenome mapping$vDatabases.
=650  \0$aRice$xGenome mapping$vDatabases.
=650  \0$aGrasses$xGenome mapping$vDatabases.
=650  \0$aAgricultural genome mapping$vDatabases.
=653  \\$aPlant Breeding and Genetics
=653  2\$aFood security
=655  \7$aDataset.$2local
=655  \7$aExperimental data.$2local
=690  7\$aResearch Datasets Collection$2blcoll
=710  2\$aCold Spring Harbor Laboratory.
=710  2\$aOregon State University.
=710  2\$aEuropean Bioinformatics Institute.
=856  40$uhttp://www.gramene.org$yResearch Datasets Collection
=859  \\$aXLD$bdatasets
=CAT  \\$aRESDATASET$b00$c20130823$lBLL01$h1203
=CAT  \\$a7332$b40$c20140212$lBLL01$h0812
=CAT  \\$a7332$b40$c20140710$lBLL01$h0810
=CAT  \\$aW1606-1753$c20171028$lBLL01$h1352
=CAT  \\$aW1711-1225$c20171203$lBLL01$h1053
=FIN  \\$aY$d20140710
=SRC  \\$aBLDatasets$bdatasets20130822.xml
=STA  \\$aSUPPRESSED$bunable to determine reason for suppression
=LAS  \\$aW1711-1225$b00$c20171203$lBLL01$h1053

