=LDR  02300 mm a2200565 i 4500
=001  016480518
=003  Uk
=005  20141104132855.0
=006  s||\d|||||||0\\\a2
=007  cr\|||||||||||
=008  130823s2013\\\\dk\\\\\\o\\j\\\\\\\\eng\\
=FMT  \\$a  CF
=024  7\$astm20130822q$2local
=040  \\$aUk$beng$cUk$erda
=042  \\$aukblsr
=082  04$a912.4$223
=245  00$aEEA coastline for analysis.
=264  \1$aCopenhagen :$bEuropean Environment Agency,$c2013.
=300  \\$a1 online resource
=336  \\$acomputer dataset$2rdacontent
=336  \\$atext$2rdacontent
=337  \\$acomputer$2rdamedia
=338  \\$aonline resource$2rdacarrier
=506  \\$aData are free to access.
=516  \\$aShapefile; application/octet-stream.
=518  \\$d1995-2012.
=520  3\$aThe EEA coastline for analysis is created for highly detailed analysis, e.g. 1:100 000, for geographical Europe. The criteria for defining the coastline is the line separating water from land. The EEA coastline is a product derived from two sources: EUHYDRO and GSHHG.
=540  \\$aRe-use for commercial or non-commercial purposes is permitted free of charge, provided that the source is acknowledged. Copyright holder: European Environment Agency (EEA).
=584  \\$aAccepting data submissions: No.
=588  \\$aDescription based on contents viewed on June 21, 2014; title from Webpage.
=650  \0$aCoasts$zEurope$vMaps.
=653  \\$aPhysical geography
=653  \\$aGIS data
=653  2\$aLiving With Environmental Change
=653  2\$aFlooding
=655  \7$aDataset.$2local
=655  \7$aReference data.$2local
=690  7\$aResearch Datasets Collection$2blcoll
=710  2\$aEuropean Environment Agency.
=856  40$uhttp://www.eea.europa.eu/data-and-maps/data/eea-coastline-for-analysis$yResearch Datasets Collection
=859  \\$aXLD$bdatasets
=CAT  \\$aRESDATASET$b00$c20130823$lBLL01$h1203
=CAT  \\$a7332$b40$c20140821$lBLL01$h0804
=CAT  \\$a7332$b40$c20141016$lBLL01$h1041
=CAT  \\$a7332$b40$c20141104$lBLL01$h1328
=CAT  \\$aW1606-1753$c20171028$lBLL01$h1352
=FIN  \\$aY$d20140821
=SRC  \\$aBLDatasets$bdatasets20130822.xml
=STA  \\$aSUPPRESSED$bDataset no longer available
=LAS  \\$aW1606-1753$b00$c20171028$lBLL01$h1352

