=LDR  01965 mi a2200541 i 4500
=001  016480541
=003  Uk
=005  20140908113608.0
=006  s||\d|||||||0\\\a2
=007  cr\|||||||||||
=008  130823c20uu9999xxu\\\\\o\\j\\\\\\\\eng\\
=FMT  \\$a  CF
=024  7\$astm20110923a$2local
=040  \\$aUk$beng$cUk$erda
=042  \\$aukblsr
=082  04$a551.6$223
=245  00$aCASCaDE Project.$pClimate Scenarios.
=264  \1$a[Washington DC] :$bUnited States Geological Survey
=300  \\$a1 online resource
=336  \\$acomputer dataset$2rdacontent
=336  \\$atext$2rdacontent
=337  \\$acomputer$2rdamedia
=338  \\$aonline resource$2rdacarrier
=506  \\$aData are free to access.
=516  \\$aFORTRAN binary.
=520  3\$aClimate scenario data generated by the USGS CASCaDE project. Historical observed data are also provided.
=540  \\$aPublic Domain.
=584  \\$aData are generated by the CASCaDE project.
=588  \\$aDescription based on contents viewed on September 8, 2014 ; title from database home page.
=584  \\$aAccepting data submissions: No.
=650  \0$aClimatology$vObservations.
=653  2\$aLiving With Environmental Change
=655  \7$aDataset.$2local
=655  \7$aModelled data.$2local
=690  7\$aResearch Datasets Collection$2blcoll
=710  2\$aGeological Survey (U.S.)
=710  2\$aCASCaDE project.
=856  40$uhttp://cascade.wr.usgs.gov/data/Task1-climate/download.shtm$yResearch Datasets Collection
=859  \\$aXLD$bdatasets
=985  \\$a710/2 = new hdg. http://cascade.wr.usgs.gov/
=CAT  \\$aRESDATASET$b00$c20130823$lBLL01$h1203
=CAT  \\$a7332$b40$c20140212$lBLL01$h0755
=CAT  \\$a7332$b40$c20140908$lBLL01$h1136
=CAT  \\$aW1606-1753$c20171028$lBLL01$h1352
=FIN  \\$aY$d20140908
=SRC  \\$aBLDatasets$bdatasets20130822.xml
=STA  \\$aSUPPRESSED$bDataset no longer available
=LAS  \\$aW1606-1753$b00$c20171028$lBLL01$h1352

