=LDR  02105 mm a2200529 i 4500
=001  016834958
=003  Uk
=005  20160510075333.0
=006  s||\d|||||||0\\\a2
=007  cr\|||||||||||
=008  140822s2012\\\\enk\\\\\o\\j\\\\\\\\eng\\
=FMT  \\$a  CF
=024  7\$astm20140808f$2local
=040  \\$aUk$beng$cUk$erda
=042  \\$aukblsr
=082  04$a333.917094123$223
=245  00$aCoastal Overview Legislation.
=264  \1$a[Great Britain] :$bEnvironment Agency,$c2012.
=300  \\$a1 online resource
=336  \\$acomputer dataset$2rdacontent
=336  \\$atext$2rdacontent
=337  \\$acomputer$2rdamedia
=338  \\$aonline resource$2rdacarrier
=506  \\$aUsers must register to access data.
=516  \\$atext/xml; text/html.
=520  3\$aData is intended as reference for GIS users and coastal engineers involved in the identification of authorities responsible for the management of English coastline. The Coastal Legislative Layer [Polyline] represents the predominant risk; flooding or erosion, which are assigned to each section of the coastline.
=540  \\$aEnvironment Agency licence.
=584  \\$aAccepting data submissions: No.
=588  \\$aDescription based on contents viewed on November 14, 2014; title from Webpage.
=650  \0$aCoastal zone management$zGreat Britain.
=653  \\$aGeography
=653  2\$aFlooding
=655  \7$aDataset.$2local
=655  \7$aReference data.$2local
=690  7\$aResearch Datasets Collection$2blcoll
=710  1\$aGreat Britain.$bEnvironment Agency.
=856  40$uhttp://data.gov.uk/dataset/coastal-overview-legislation$yResearch Datasets Collection
=859  \\$aXLD$bdatasets
=CAT  \\$aRESDATASET$b00$c20140822$lBLL01$h1346
=CAT  \\$a11279$b40$c20140901$lBLL01$h1722
=CAT  \\$a7332$b40$c20141114$lBLL01$h1326
=CAT  \\$a7332$b40$c20160510$lBLL01$h0753
=CAT  \\$aW1606-1753$c20171028$lBLL01$h1603
=FIN  \\$aY$d20141114
=SRC  \\$aBLDatasets$bdatasets20140822.xml
=STA  \\$aSUPPRESSED$bDataset no longer available
=LAS  \\$aW1606-1753$b00$c20171028$lBLL01$h1603

