=LDR  02737 as a2200601 a 4500
=001  015876360
=003  Uk
=005  20121031103032.0
=006  m\\\\\\\\m\|\\\\\\
=007  cr\|||||||||||
=008  110720c200u9999enkuu\d\o\\\\\0\\\a2eng\\
=024  7\$astm20110411k$2local
=040  \\$aUk$beng$cUk
=042  \\$aukblsr
=082  04$a572.8633$223
=245  00$aAscaris suum$h[electronic resource].
=260  \\$aHinxton :$bWellcome Trust Sanger Institute
=336  \\$atext$2rdacontent
=337  \\$acomputer$2rdamedia
=338  \\$aonline resource$2rdacarrier
=500  \\$aTitle from home page (viewed on 20 July, 2011).
=506  \\$aData are free to access.
=520  \\$aThis is a Wellcome Trust funded project to sequence and analyse the somatic nuclear genome of Ascaris. The project consists of the following goals: 1. Produce a reference quality genome sequence from a single A. suum worm. 2. Compare this sequence to low coverage sequence data from A. lumbricoides to generate a consensus draft. 3. Analyse genome wide polymorphisms by compare these data to draft genome sequence data produced from a mixture of adult worms. We are collaborating with Richard Davies (University of Colorado School of Medicine), David Conway (MRC, The Gambia), Makedonka Mitreva (GSC, WUSTL) and Jan Bradley (University of Nottingham).
=538  \\$aMode of access: World Wide Web.
=540  \\$aNot stated.
=584  \\$aAccepting data submissions: no.
=650  \0$aAscaris$xGenome mapping$vDatabases.
=650  \0$aAscaris$xGenetics$vDatabases.
=650  \0$aHelminthiasis$xResearch.
=653  2\$aNeglected Tropical Disease
=655  \7$aDataset.$2local
=655  \7$aExperimental data.$2local
=655  \7$aReference data.$2local
=690  7\$aResearch Datasets Collection$2blcoll
=856  40$uhttp://www.sanger.ac.uk/resources/downloads/helminths/ascaris-suum.html$yResearch Datasets Collection
=859  \\$aXLD$bdatasets
=CAT  \\$a7332$b40$c20110720$lPRA01$h1251
=CAT  \\$a7332$b40$c20110721$lPRA01$h1026
=CAT  \\$a11279$b40$c20110823$lPRA01$h1407
=CAT  \\$aRESDATASET$b00$c20110825$lBLL01$h0938
=CAT  \\$a7332$b40$c20110830$lBLL01$h0859
=CAT  \\$a7332$b40$c20120501$lBLL01$h1043
=CAT  \\$aBATCH-UPD$b40$c20120821$lBLL01$h1643
=CAT  \\$aBATCH-UPD$b40$c20121018$lBLL01$h1010
=CAT  \\$a7332$b40$c20121025$lBLL01$h1546
=CAT  \\$a7332$b40$c20121031$lBLL01$h1030
=CAT  \\$aWR13.117$c20130718$lBLL01$h1857
=CAT  \\$aW1606-1753$c20171028$lBLL01$h1342
=FMT  \\$a  SE
=LAS  \\$aW1606-1753$b00$c20171028$lBLL01$h1342
=SRC  \\$aBLDatasets$bresdataset.71pra
=STA  \\$aSUPPRESSED$bDataset no longer available
=TCO  \\$aCLA$bCLA$c008

