=LDR  03180 as a2200625 a 4500
=001  015876373
=003  Uk
=005  20121220081143.0
=006  m\\\\\\\\m\|\\\\\\
=007  cr\|||||||||||
=008  110811c200u9999ko\uu\d\o\\\\\0\\\a2eng\\
=024  7\$astm20110412g$2local
=040  \\$aUk$beng$cUk
=042  \\$aukblsr
=082  04$a610.284$223
=245  00$aInfectious disease biomarker database$h[electronic resource].
=246  3\$aIDBD
=260  \\$a[Seoul] :$bKorea National Institute of Health
=336  \\$atext$2rdacontent
=337  \\$acomputer$2rdamedia
=338  \\$aonline resource$2rdacarrier
=500  \\$aTitle from home page (viewed on 11 Aug., 2011).
=506  \\$aData are free to access.
=510  3\$ahttp:/dx.doi.org/10.1093/nar/gkm925
=520  \\$aThe Korea National Institute of Health (KNIH) opens the Infectious Disease Biomarker Database (IDBD), which is a knowledge-based interface for biomarkers for diagnosis, detection, protection, and characterization of infectious diseases. It provides information of pathogens and biomarkers which are the building blocks for modeling and simulation of infectious diseases and biological processes, such as nucleic acids, proteins, carbohydrates, and immune epitopes etc. IDBD provides links to global news, and life science journal search engines. The site also provides links to tool functions for gene sequence and protein structure analyses. It serves basic information on infection diseases and their causative agents. We hope this website can be effectively utilized as an information entry for researchers in the biotechnology fields. IDBD has been funded by the Korea National Institute of Health (KNIH 2006-2008) and the data may not be open to users accordingly until publication and user agreement with KNIH has to be designed for public use.
=538  \\$aMode of access: World Wide Web.
=540  \\$aNot stated.
=584  \\$aAccepting data submissions: no.
=650  \0$aBiochemical markers$vDatabases.
=650  \0$aCommunicable diseases$vDatabases.
=653  2\$aNeglected Tropical Disease
=655  \7$aDataset.$2local
=655  \7$aExperimental data.$2local
=655  \7$aReference data.$2local
=690  7\$aResearch Datasets Collection$2blcoll
=710  2\$aKorea National Institute of Health.
=856  40$uhttp://biomarker.korea.ac.kr/$yResearch Datasets Collection
=859  \\$aXLD$bdatasets
=CAT  \\$a7332$b40$c20110811$lPRA01$h1308
=CAT  \\$a7332$b40$c20110823$lPRA01$h1322
=CAT  \\$a11279$b40$c20110823$lPRA01$h1415
=CAT  \\$aRESDATASET$b00$c20110825$lBLL01$h0938
=CAT  \\$a7332$b40$c20110830$lBLL01$h1124
=CAT  \\$a7332$b40$c20120720$lBLL01$h1224
=CAT  \\$aBATCH-UPD$b40$c20120821$lBLL01$h1643
=CAT  \\$aBATCH-UPD$b40$c20121018$lBLL01$h1010
=CAT  \\$a7332$b40$c20121220$lBLL01$h0811
=CAT  \\$aWR13.117$c20130718$lBLL01$h1857
=CAT  \\$aW1606-1753$c20171028$lBLL01$h1342
=FIN  \\$aY$d20110830
=FMT  \\$a  SE
=LAS  \\$aW1606-1753$b00$c20171028$lBLL01$h1342
=SRC  \\$aBLDatasets$bresdataset.71pra
=STA  \\$aSUPPRESSED$bDataset no longer available
=TCO  \\$aXXX$c008

