=LDR  02503 as a2200613 a 4500
=001  015876377
=003  Uk
=005  20130806103311.0
=006  m\\\\\\\\m\|\\\\\\
=007  cr\|||||||||||
=008  110803c200u9999xxuuu\d\o\\\\\0\\\a2eng\\
=024  7\$astm20110412k$2local
=040  \\$aUk$beng$cUk
=042  \\$aukblsr
=082  04$a579.25$223
=245  00$aFlavitrack$h[electronic resource].
=260  \\$aGalveston :$bUniversity of Texas Medical Branch
=336  \\$atext$2rdacontent
=337  \\$acomputer$2rdamedia
=338  \\$aonline resource$2rdacarrier
=500  \\$aTitle from home page (viewed on 3 Aug., 2011).
=506  \\$aData are free to access.
=510  3\$ahttp:/dx.doi.org/10.1093/bioinformatics/btm383
=520  \\$aFlavitrack contains over 590 complete flavivirus genome/protein sequences and information on known mutations and literature references. Each sequence has been manually annotated according to its date and place of isolation, phenotype and lethality. Internal tools are provided to rapidly determine relationships between viruses in Flavitrack and sequences provided by the user.
=538  \\$aMode of access: World Wide Web.
=540  \\$aNot stated.
=584  \\$aAccepting data submissions: no.
=650  \0$aFlaviviruses$xGenome mapping$vDatabases.
=650  \0$aFlaviviruses$xGenetics$vDatabases.
=653  2\$aNeglected Tropical Disease
=655  \7$aDataset.$2local
=655  \7$aExperimental data.$2local
=655  \7$aReference data.$2local
=690  7\$aResearch Datasets Collection$2blcoll
=710  2\$aUniversity of Texas Medical Branch at Galveston.
=856  40$uhttp://carnot.utmb.edu/flavitrack/$yResearch Datasets Collection
=859  \\$aXLD$bdatasets
=CAT  \\$a7332$b40$c20110803$lPRA01$h1125
=CAT  \\$a7332$b40$c20110823$lPRA01$h1330
=CAT  \\$a11279$b40$c20110823$lPRA01$h1413
=CAT  \\$aRESDATASET$b00$c20110825$lBLL01$h0938
=CAT  \\$a7332$b40$c20110830$lBLL01$h1302
=CAT  \\$a7332$b40$c20120720$lBLL01$h1216
=CAT  \\$aBATCH-UPD$b40$c20120821$lBLL01$h1643
=CAT  \\$aBATCH-UPD$b40$c20121018$lBLL01$h1010
=CAT  \\$aWR13.117$c20130718$lBLL01$h1857
=CAT  \\$a7332$b40$c20130806$lBLL01$h1033
=CAT  \\$aW1606-1753$c20171028$lBLL01$h1342
=FIN  \\$aY$d20110830
=FMT  \\$a  SE
=LAS  \\$aW1606-1753$b00$c20171028$lBLL01$h1342
=SRC  \\$aBLDatasets$bresdataset.71pra
=STA  \\$aSUPPRESSED$bDataset no longer available
=TCO  \\$aTRS$bCCC$c008

