=LDR  03360 as a2200661 a 4500
=001  015876380
=003  Uk
=005  20121031103147.0
=006  m\\\\\\\\m\|\\\\\\
=007  cr\|||||||||||
=008  110811c20089999ag\uu\d\o\\\\\0\\\a2eng\\
=024  7\$astm20110412n$2local
=040  \\$aUk$beng$cUk
=042  \\$aukblsr
=082  04$a572.8633$223
=245  00$aTcSNP$h[electronic resource] :$ba map of Trypanosoma cruzi genetic variation.
=260  \\$a[San Martín, Provincia de Buenos Aires, Argentina] :$bUniversidad Nacional de San Martín,$c2008-
=336  \\$atext$2rdacontent
=337  \\$acomputer$2rdamedia
=338  \\$aonline resource$2rdacarrier
=500  \\$aTitle from home page (viewed on 11 Aug., 2011).
=506  \\$aData are free to access.
=510  3\$ahttp:/dx.doi.org/10.1093/nar/gkn874
=520  \\$aThe TcSNP database integrates information on genetic variation (polymorphisms and mutations) for different stocks, strains and isolates of Trypanosoma cruzi, the causative agent of Chagas disease. The database incorporates sequences (genes from the T. cruzi reference genome, mRNAs, ESTs and genomic sequences); multiple sequence alignments obtained from these sequences; and single-nucleotide polymorphisms and small indels identified by scanning these multiple sequence alignments. Information in TcSNP can be readily interrogated to arrive at gene sets, or SNP sets of interest based on a number of attributes. Sequence similarity searches using BLAST are also supported. This first release of TcSNP contains nearly 170 000 high-confidence candidate SNPs, derived from the analysis of annotated coding sequences. As new sequence data become available, TcSNP will incorporate these data, mapping new candidate SNPs onto the reference genome sequences.
=538  \\$aMode of access: World Wide Web.
=540  \\$aNot stated.
=584  \\$aAccepting data submissions: no.
=650  \0$aTrypanosoma cruzi$xGenetics$vDatabases.
=653  2\$aNeglected Tropical Disease
=655  \7$aDataset.$2local
=655  \7$aExperimental data.$2local
=655  \7$aReference data.$2local
=690  7\$aResearch Datasets Collection$2blcoll
=700  1\$aCarmona, Santiago.
=700  1\$aAckermann, Alejandro.
=700  1\$aAgüero, Fernán.
=710  2\$aUniversidad Nacional de General San Martín.$bLaboratorio de Genómica y Bioinformática.
=856  40$uhttp://snps.tcruzi.org/$yResearch Datasets Collection
=859  \\$aXLD$bdatasets
=CAT  \\$a7332$b40$c20110811$lPRA01$h0806
=CAT  \\$a7332$b40$c20110823$lPRA01$h1334
=CAT  \\$a11279$b40$c20110823$lPRA01$h1412
=CAT  \\$aRESDATASET$b00$c20110825$lBLL01$h0938
=CAT  \\$a7332$b40$c20110830$lBLL01$h1328
=CAT  \\$aBATCH-UPD$b40$c20110902$lBLL01$h2128
=CAT  \\$a7332$b40$c20120720$lBLL01$h1217
=CAT  \\$aBATCH-UPD$b40$c20120821$lBLL01$h1643
=CAT  \\$aBATCH-UPD$b40$c20121018$lBLL01$h1009
=CAT  \\$a7332$b40$c20121024$lBLL01$h1459
=CAT  \\$a7332$b40$c20121031$lBLL01$h1031
=CAT  \\$aWR13.117$c20130718$lBLL01$h1857
=CAT  \\$aW1606-1753$c20171028$lBLL01$h1342
=FIN  \\$aY$d20110830
=FMT  \\$a  SE
=LAS  \\$aW1606-1753$b00$c20171028$lBLL01$h1342
=SRC  \\$aBLDatasets$bresdataset.71pra
=STA  \\$aSUPPRESSED$bDataset no longer available
=TCO  \\$aARG$bCADRA$c008

