=LDR  02680 ai a2200709 a 4500
=001  015876385
=003  Uk
=005  20160510074536.0
=006  m\\\\\\\\m\|\\\\\\
=007  cr\|||||||||||
=008  110324c200u9999xxuuu\d\o\\\\\0\\\a2eng\\
=024  7\$astm20100128cg$2local
=040  \\$aUk$beng$cUk
=042  \\$aukblsr
=082  04$a616.9362$223
=245  00$aMalaria IDC strain comparison database$h[electronic resource].
=260  \\$aSan Francisco, CA :$bUniversity of California, San Francisco
=336  \\$atext$2rdacontent
=337  \\$acomputer$2rdamedia
=338  \\$aonline resource$2rdacarrier
=500  \\$aTitle from home page (viewed on June 8, 2011).
=506  \\$aData are free to access.
=520  \\$aMalaria IDC Strain Comparison Database for Plasmodium falciparum 3D7, HB3 and Dd2 strain transcriptomes. This is the gene expression data from the intraerythrocytic developmental cycle.
=538  \\$aMode of access: World Wide Web.
=540  \\$aNot stated.
=584  \\$aAccepting data submissions: no.
=650  \0$aPlasmodium falciparum$xGenetics$vDatabases.
=650  \0$aMalaria$xEtiology.
=650  \0$aBlood$xParasites.
=653  2\$aNeglected Tropical Disease
=655  \7$aDataset.$2local
=655  \7$aExperimental data.$2local
=655  \7$aReference data.$2local
=690  7\$aResearch Datasets Collection$2blcoll
=710  2\$aUniversity of California, San Francisco.
=856  40$uhttp://malaria.ucsf.edu/$yResearch Datasets Collection
=859  \\$aXLD$bdatasets
=CAT  \\$a7332$b40$c20110608$lPRA01$h1529
=CAT  \\$a7332$b40$c20110608$lPRA01$h1535
=CAT  \\$a7332$b40$c20110622$lPRA01$h1245
=CAT  \\$a7332$b40$c20110622$lPRA01$h1254
=CAT  \\$a7332$b40$c20110622$lPRA01$h1411
=CAT  \\$a11279$b40$c20110623$lPRA01$h1640
=CAT  \\$a7332$b40$c20110630$lPRA01$h1027
=CAT  \\$a7332$b40$c20110719$lPRA01$h0844
=CAT  \\$a11279$b40$c20110823$lPRA01$h1342
=CAT  \\$aRESDATASET$b00$c20110825$lBLL01$h0938
=CAT  \\$a7332$b40$c20110830$lBLL01$h1504
=CAT  \\$a7332$b40$c20110830$lBLL01$h1507
=CAT  \\$a7332$b40$c20110830$lBLL01$h1511
=CAT  \\$a7332$b40$c20120720$lBLL01$h1225
=CAT  \\$aBATCH-UPD$b40$c20120821$lBLL01$h1643
=CAT  \\$aBATCH-UPD$b40$c20121018$lBLL01$h1010
=CAT  \\$aWR13.117$c20130718$lBLL01$h1857
=CAT  \\$a7332$b40$c20160510$lBLL01$h0745
=CAT  \\$aW1606-1753$c20171028$lBLL01$h1342
=FIN  \\$aY$d20110830
=FMT  \\$a  SE
=LAS  \\$aW1606-1753$b00$c20171028$lBLL01$h1342
=SRC  \\$aBLDatasets$bresdataset.71pra
=STA  \\$aSUPPRESSED$bDataset no longer available
=TCO  \\$aTRS$bCCC$c008

