=LDR  02603 as a2200661 a 4500
=001  015876388
=003  Uk
=005  20160510074609.0
=006  m\\\\\\\\m\|\\\\\\
=007  cr\|||||||||||
=008  110609c200u9999enkuu\d\o\\\\\0\\\a2eng\\
=024  7\$astm20100128cj$2local
=040  \\$aUk$beng$cUk
=042  \\$aukblsr
=082  04$a572.861$223
=245  00$aParasite genomes database query$h[electronic resource].
=246  3\$aWU-BLAST parasite genomes database query
=260  \\$aHinxton :$bEuropean Bioinformatics Institute
=336  \\$atext$2rdacontent
=337  \\$acomputer$2rdamedia
=338  \\$aonline resource$2rdacarrier
=500  \\$aTitle from home page (viewed on June 9, 2011).
=500  \\$aWU-BLAST stands for Washington University Basic Local Alignment Search Tool. This tool is specifically designed to BLAST sequences against parasite genomes.
=506  \\$aData are free to access.
=520  \\$aSearch a range of parasite specific nucleotide sequence databases with your own sequence.
=538  \\$aMode of access: World Wide Web.
=584  \\$aAccepting data submissions: no.
=650  \0$aParasites$xGenetics$vDatabases.
=650  \0$aGenomics$vDatabases.
=653  \\$aNeglected Tropical Disease
=655  \7$aDataset.$2local
=655  \7$aReference data.$2local
=690  7\$aResearch Datasets Collection$2blcoll
=710  2\$aEuropean Bioinformatics Institute.
=856  40$uhttp://www.ebi.ac.uk/Tools/sss/wublast/parasites.html$yResearch Datasets Collection
=859  \\$aXLD$bdatasets
=985  \\$aTitle supplied by curator Parasite Genome Blast Server - not found at website.
=CAT  \\$a7332$b40$c20110609$lPRA01$h1112
=CAT  \\$a7332$b40$c20110622$lPRA01$h1526
=CAT  \\$a7332$b40$c20110622$lPRA01$h1530
=CAT  \\$a11279$b40$c20110623$lPRA01$h1635
=CAT  \\$a7332$b40$c20110630$lPRA01$h1032
=CAT  \\$a11279$b40$c20110630$lPRA01$h1119
=CAT  \\$a11279$b40$c20110823$lPRA01$h1349
=CAT  \\$aRESDATASET$b00$c20110825$lBLL01$h0938
=CAT  \\$a7332$b40$c20110830$lBLL01$h1517
=CAT  \\$a7332$b40$c20120720$lBLL01$h1227
=CAT  \\$aBATCH-UPD$b40$c20120821$lBLL01$h1643
=CAT  \\$aBATCH-UPD$b40$c20121018$lBLL01$h1009
=CAT  \\$aWR13.117$c20130718$lBLL01$h1857
=CAT  \\$a7332$b40$c20160510$lBLL01$h0746
=CAT  \\$aW1606-1753$c20171028$lBLL01$h1342
=FIN  \\$aY$d20110830
=FMT  \\$a  SE
=LAS  \\$aW1606-1753$b00$c20171028$lBLL01$h1342
=SRC  \\$aBLDatasets$bresdataset.71pra
=STA  \\$aSUPPRESSED$bDataset no longer available
=TCO  \\$aCLA$bCLA$c008

