=LDR  02907 as a2200649 a 4500
=001  015876396
=003  Uk
=005  20160510075156.0
=006  m\\\\\\\\m\|\\\\\\
=007  cr\|||||||||||
=008  110615c20099999xxuuu\d\o\\\\\0\\\a2eng\\
=024  7\$astm20110406a$2local
=040  \\$aUk$beng$cUk
=042  \\$aukblsr
=082  04$a595.772$223
=245  00$aMosquitoMap$h[electronic resource].
=246  3\$aMosquito Map
=260  \\$aWashington D.C. :$bWalter Reed Biosystematics Unit
=336  \\$atext$2rdacontent
=337  \\$acomputer$2rdamedia
=338  \\$aonline resource$2rdacarrier
=362  1\$aBegan in 2009?
=500  \\$aTitle from home page (viewed on June 15, 2011).
=506  \\$aData are free to access.
=520  \\$aMosquitoMap is a component of VectorMap - a geospatially referenced clearinghouse for mosquito species collection records and distribution models. Users can pan and zoom to anywhere in the world to view the locations of past mosquito collections and the results of modeling that predicts the geographic extent of individual species. Collection records are searchable and downloadable, users can map and upload their own georeferenced collection data or distribution models, and all contributions are fully acknowledged. Currently, MosquitoMap has 233,811 collection records, for over 1,758,689 individual specimens, belonging to over 1972 unique scientific names, from 9754 locations, in 140 countries.
=538  \\$aMode of access: World Wide Web.
=540  \\$aNot stated.
=584  \\$aAccepting data submissions: yes.
=650  \0$aMosquitoes$xGeographical distribution$vMaps.
=653  2\$aNeglected Tropical Disease
=655  \7$aDataset.$2local
=655  \7$aMonitoring data.$2local
=655  \7$aObservational data.$2local
=690  7\$aResearch Datasets Collection$2blcoll
=856  40$uhttp://www.mosquitomap.org/$yResearch Datasets Collection
=859  \\$aXLD$bdatasets
=CAT  \\$a7332$b40$c20110615$lPRA01$h1510
=CAT  \\$a7332$b40$c20110621$lPRA01$h1106
=CAT  \\$a7332$b40$c20110624$lPRA01$h1531
=CAT  \\$a7332$b40$c20110624$lPRA01$h1532
=CAT  \\$a7332$b40$c20110630$lPRA01$h1038
=CAT  \\$a7332$b40$c20110706$lPRA01$h0754
=CAT  \\$a7332$b40$c20110707$lPRA01$h0720
=CAT  \\$a11279$b40$c20110823$lPRA01$h1356
=CAT  \\$aRESDATASET$b00$c20110825$lBLL01$h0938
=CAT  \\$a7332$b40$c20110830$lBLL01$h1603
=CAT  \\$aBATCH-UPD$b40$c20120821$lBLL01$h1643
=CAT  \\$aBATCH-UPD$b40$c20121018$lBLL01$h1009
=CAT  \\$aWR13.117$c20130718$lBLL01$h1857
=CAT  \\$a7332$b40$c20160510$lBLL01$h0751
=CAT  \\$aW1606-1753$c20171028$lBLL01$h1342
=FIN  \\$aY$d20110830
=FMT  \\$a  SE
=LAS  \\$aW1606-1753$b00$c20171028$lBLL01$h1342
=SRC  \\$aBLDatasets$bresdataset.71pra
=STA  \\$aSUPPRESSED$bDataset no longer available
=TCO  \\$aTRS$bCCC$c008

