=LDR  03913 as a2200661 a 4500
=001  015876400
=003  Uk
=005  20160510075229.0
=006  m\\\\\\\\m\|\\\\\\
=007  cr\|||||||||||
=008  110621c200u9999xxuuu\d\o\\\\\0\\\a2eng\\
=024  7\$astm20110407a$2local
=040  \\$aUk$beng$cUk
=042  \\$aukblsr
=082  04$a595.429$223
=245  00$aTickMap$h[electronic resource].
=246  3\$aTick map
=260  \\$aWashington, DC :$bWalter Reed Biosystematics Unit, Smithsonian Institution
=336  \\$atext$2rdacontent
=337  \\$acomputer$2rdamedia
=338  \\$aonline resource$2rdacarrier
=500  \\$aTitle from home page (viewed on June 21, 2011).
=506  \\$aData are free to access.
=520  \\$aTickMap is a unique global resource for researchers interested in tick-borne diseases and basic questions concerning tick distribution and ecology. More specifically, TickMap is an online database of species distribution models and georeferenced species collection events, for individual ticks or pools of ticks of the same species. Collection records and distribution maps come from museum specimens, the literature, and from submissions by other tick workers. Data for input to TickMap refers to preserved (vouchered) specimens and human observation data. We rescue tick observation data from the literature that does not have associated vouchered specimens so that they will be databased and served. These observations are given temporary Catalog numbers (TMap 1, 2 etc), which comprise part of the datum's global unique identifier. A primary output of TickMap is 'dots on maps', or collection records to species for a particular time and place. These collection events may be observations only or may result in vouchered specimens that are stored in museums or other collections. Unlike Museum databases, TickMap is not primarily concerned with data that replicate the record of an individual's collection, such as occur with exuviae, DNA material, progeny or genitalia preparations. These are considered derivatives and may (or may not) be recorded, unless they are the sole representative of an individual tick. Another primary output of TickMap are species distribution models. These may have been developed by a variety of procedures but are usually ecological niche models derived from presence-only data.
=538  \\$aMode of access: World Wide Web.
=540  \\$aNot stated.
=584  \\$aAccepting data submissions: yes.
=650  \0$aTicks$xGeographical distribution$vMaps.
=653  2\$aNeglected Tropical Disease
=655  \7$aDataset.$2local
=655  \7$aMonitoring data.$2local
=690  7\$aResearch Datasets Collection$2blcoll
=710  2\$aWalter Reed Biosystematics Unit.
=856  40$uhttp://tickmap.org/dataportal.htm$yResearch Datasets Collection
=859  \\$aXLD$bdatasets
=CAT  \\$a7332$b40$c20110621$lPRA01$h1106
=CAT  \\$a7332$b40$c20110624$lPRA01$h1531
=CAT  \\$a7332$b40$c20110624$lPRA01$h1532
=CAT  \\$a7332$b40$c20110630$lPRA01$h1042
=CAT  \\$a7332$b40$c20110706$lPRA01$h0756
=CAT  \\$a7332$b40$c20110706$lPRA01$h1540
=CAT  \\$a7332$b40$c20110707$lPRA01$h0717
=CAT  \\$a7332$b40$c20110707$lPRA01$h0721
=CAT  \\$a11279$b40$c20110823$lPRA01$h1358
=CAT  \\$aRESDATASET$b00$c20110825$lBLL01$h0938
=CAT  \\$a7332$b40$c20110830$lBLL01$h1614
=CAT  \\$a7332$b40$c20120720$lBLL01$h1233
=CAT  \\$aBATCH-UPD$b40$c20120821$lBLL01$h1643
=CAT  \\$aBATCH-UPD$b40$c20121018$lBLL01$h1010
=CAT  \\$aWR13.117$c20130718$lBLL01$h1857
=CAT  \\$a7332$b40$c20160510$lBLL01$h0752
=CAT  \\$aW1606-1753$c20171028$lBLL01$h1342
=FIN  \\$aY$d20110830
=FMT  \\$a  SE
=LAS  \\$aW1606-1753$b00$c20171028$lBLL01$h1342
=SRC  \\$aBLDatasets$bresdataset.71pra
=STA  \\$aSUPPRESSED$bDataset no longer available
=TCO  \\$aTRS$bCCC$c008

