=LDR  02863 ai a2200673 a 4500
=001  015876401
=003  Uk
=005  20160510075258.0
=006  m\\\\\\\\j\|\\\\\\
=007  cr\|||||||||||
=008  110324c20109999xxuuu\d\o\\\\\0\\\a2eng\\
=024  7\$astm20110407b$2local
=040  \\$aUk$beng$cUk
=042  \\$aukblsr
=245  00$aSandflyMap$h[electronic resource].
=246  3\$aSandfly map
=260  \\$aWashington, DC :$bWalter Reed Biosystematics Unit.
=336  \\$atext$2rdacontent
=337  \\$acomputer$2rdamedia
=338  \\$aonline resource$2rdacarrier
=362  1\$aBegan in 2010?
=500  \\$aTitle from home page (viewed on June 3, 2011).
=506  \\$aData are free to access.
=520  \\$aSandflyMap is a component of VectorMap - a geospatially referenced clearinghouse for arthropod disease vector species collection records and distribution models. Users can pan and zoom to anywhere in the world to view the locations of past sand fly collections and the results of modeling that predicts the geographic extent of individual species. Collection records are searchable and downloadable, users can map and upload their own georeferenced collection data or distribution models, and all contributions will have full attribution.
=538  \\$aMode of access: World Wide Web.
=540  \\$aNot stated.
=584  \\$aAccepting data submissions: yes.
=650  \0$aSand flies$xGeographical distribution$vMaps.
=653  2\$aNeglected Tropical Disease
=655  \7$aDataset.$2local
=655  \7$aMonitoring data.$2local
=690  7\$aResearch Datasets Collection$2blcoll
=710  2\$aWalter Reed Biosystematics Unit.
=856  40$uhttp://sandflymap.org/$yResearch Datasets Collection
=859  \\$aXLD$bdatasets
=CAT  \\$a11279$b40$c20110603$lPRA01$h1139
=CAT  \\$a7332$b40$c20110624$lPRA01$h1532
=CAT  \\$a7332$b40$c20110630$lPRA01$h1043
=CAT  \\$a7332$b40$c20110706$lPRA01$h0756
=CAT  \\$a7332$b40$c20110706$lPRA01$h1543
=CAT  \\$a7332$b40$c20110706$lPRA01$h1544
=CAT  \\$a7332$b40$c20110707$lPRA01$h0717
=CAT  \\$astm2000$b40$c20110811$lPRA01$h1209
=CAT  \\$astm2000$b40$c20110811$lPRA01$h1210
=CAT  \\$aRESDATASET$b00$c20110825$lBLL01$h0938
=CAT  \\$a7332$b40$c20110830$lBLL01$h1617
=CAT  \\$a7332$b40$c20110830$lBLL01$h1618
=CAT  \\$a7332$b40$c20120720$lBLL01$h1202
=CAT  \\$aBATCH-UPD$b40$c20120821$lBLL01$h1643
=CAT  \\$aBATCH-UPD$b40$c20121018$lBLL01$h1009
=CAT  \\$aWR13.117$c20130718$lBLL01$h1857
=CAT  \\$a7332$b40$c20160510$lBLL01$h0752
=CAT  \\$aW1606-1753$c20171028$lBLL01$h1342
=FIN  \\$aY$d20110830
=FMT  \\$a  SE
=LAS  \\$aW1606-1753$b00$c20171028$lBLL01$h1342
=SRC  \\$aBLDatasets$bresdataset.71pra
=STA  \\$aSUPPRESSED$bDataset no longer available
=TCO  \\$aTRS$bCCC$c008

