=LDR  02652 ai a2200649 a 4500
=001  015876603
=003  Uk
=005  20131017081619.0
=006  m\\\\\\\\m\|\\\\\\
=007  cr\|||||||||||
=008  110825c19979999li\uu\d\o\\\\\0\\\a2eng\\
=024  7\$astm20091219b$2local
=040  \\$aUk$beng$cUk
=042  \\$aukblsr
=082  04$a591.7709334$223
=245  00$aBaltic Sea alien species database$h[electronic resource].
=246  3\$aBSASD
=260  \\$aKlaipeda :$bCoastal Research and Planning Institute, Klaipėda University,$c1997-
=336  \\$atext$2rdacontent
=337  \\$acomputer$2rdamedia
=338  \\$aonline resource$2rdacarrier
=500  \\$aTitle from home page (viewed on Oct. 11, 2011).
=506  \\$aData are free to access.
=516  \\$atext/html.
=520  \\$aA directory of invasive marine species within the Baltic sea. Information on first observation, ecological aspects and references are given. Data on invasive species of interest can be identified by location of origin, taxon, eco-functional group, salinity range, year of first observation and ecological and industrial impacts.
=538  \\$aMode of access: World Wide Web.
=540  \\$aCreators/Contributors retain copyright.
=584  \\$aData is submitted from a specialist working group and aggregated from the literature.
=584  \\$aAccepting data submissions: No.
=650  \0$aExotic marine organisms$zBaltic Sea$vDatabases.
=650  \0$aNonindigenous aquatic pests$zBaltic Sea$vDatabases.
=653  2\$aLiving With Environmental Change
=655  \7$aDataset.$2local
=655  \7$aObservational data.$2local
=655  \7$aMonitoring data.$2local
=655  \7$aReference data.$2local
=690  7\$aResearch Datasets Collection$2blcoll
=700  1\$aOlenin, Sergej.
=700  1\$aDaunys, Darius.
=700  1\$aDauniene, Eugenija.
=710  2\$aBaltic Marine Biologists.
=856  40$uhttp://www.corpi.ku.lt/nemo/mainnemo.html$yResearch Datasets Collection
=859  \\$aXLD$bdatasets
=CAT  \\$aRESDATASET$b00$c20110825$lBLL01$h1145
=CAT  \\$a7332$b40$c20111011$lBLL01$h1616
=CAT  \\$a7332$b40$c20111122$lBLL01$h1015
=CAT  \\$aBATCH-UPD$b40$c20120821$lBLL01$h1643
=CAT  \\$aBATCH-UPD$b40$c20121018$lBLL01$h1010
=CAT  \\$aWR13.117$c20130718$lBLL01$h1857
=CAT  \\$a7332$b40$c20131017$lBLL01$h0816
=CAT  \\$aW1606-1753$c20171028$lBLL01$h1342
=FIN  \\$aY$d20111011
=FMT  \\$a  SE
=LAS  \\$aW1606-1753$b00$c20171028$lBLL01$h1342
=SRC  \\$aBLDatasets$bstm_datasets_20110825_mrc.xml
=STA  \\$aSUPPRESSED$bDataset no longer available
=TCO  \\$aZZZ$c008

