=LDR  02590 ai a2200625 a 4500
=001  015876635
=003  Uk
=005  20141003084917.0
=006  m\\\\\\\\m\|\\\\\\
=007  cr\|||||||||||
=008  110825c200u9999enkuu\d\o\\\\\0\\\a2eng\\
=024  7\$astm20100128ay$2local
=040  \\$aUk$beng$cUk
=042  \\$aukblsr
=082  04$a333.9100942$223
=245  00$aNational water archive$h[electronic resource].
=246  3\$aNWA
=260  \\$a[Great Britain] :$bCentre for Ecology and Hydrology
=336  \\$atext$2rdacontent
=337  \\$acomputer$2rdamedia
=338  \\$aonline resource$2rdacarrier
=500  \\$aTitle from home page (viewed on Nov. 8, 2011).
=506  \\$aMostly free to access, some data incur handling fees.
=516  \\$aapplication/pdf.
=520  \\$aThe NWA is comprised of the National River Flow Archive (NRFA) and the National Groundwater Level Archive (NGLA). It holds spatial datasets, including: Digitised UK river network; Hydrological Digital Terrain Model (HDTM); Hydrology of Soil Type maps; maps of average rainfall and 100-year flood risk map of England and Wales. Some of these are only available under licence.
=522  \\$aUnited Kingdom.
=538  \\$aMode of access: World Wide Web.
=540  \\$aNot stated.
=584  \\$aData is provided to the NWA by the Environment Agency and its equivalents.
=584  \\$aAccepting data submissions: No.
=650  \0$aWater-supply$zGreat Britain$vDatabases.
=650  \0$aStreamflow$zGreat Britain$vDatabases.
=650  \0$aGroundwater$zGreat Britain$vDatabases.
=653  2\$aLiving With Environmental Change
=655  \7$aDataset.$2local
=655  \7$aObservational data.$2local
=655  \7$aReference data.$2local
=690  7\$aResearch Datasets Collection$2blcoll
=710  2\$aCentre for Ecology and Hydrology (Great Britain)
=856  40$uhttp://www.ceh.ac.uk/data/NWA.htm$yResearch Datasets Collection
=859  \\$aXLD$bdatasets
=CAT  \\$aRESDATASET$b00$c20110825$lBLL01$h1145
=CAT  \\$a7332$b40$c20111109$lBLL01$h0807
=CAT  \\$a7332$b40$c20111110$lBLL01$h1249
=CAT  \\$aBATCH-UPD$b40$c20120821$lBLL01$h1643
=CAT  \\$aBATCH-UPD$b40$c20121018$lBLL01$h1009
=CAT  \\$aWR13.117$c20130718$lBLL01$h1857
=CAT  \\$a7332$b40$c20141003$lBLL01$h0849
=CAT  \\$aW1606-1753$c20171028$lBLL01$h1342
=FIN  \\$aY$d20111109
=FMT  \\$a  SE
=LAS  \\$aW1606-1753$b00$c20171028$lBLL01$h1342
=SRC  \\$aBLDatasets$bstm_datasets_20110825_mrc.xml
=STA  \\$aSUPPRESSED$bDataset no longer available
=TCO  \\$aZZZ$c008

