=LDR  03094 ai a2200709 a 4500
=001  015876658
=003  Uk
=005  20121031103748.0
=006  m\\\\\\\\m\|\\\\\\
=007  cr\|||||||||||
=008  110825c20019999ja\uu\d\o\\\\\0\\\a2eng\\
=024  7\$astm20091117b$2local
=040  \\$aUk$beng$cUk
=042  \\$aukblsr
=082  04$a363.73874$223
=245  00$aWorld Data Centre for Greenhouse Gases$h[electronic resource].
=246  3\$aWDCGG
=260  \\$aTokyo :$bJapan Meteorological Agency,$c2001-
=336  \\$atext$2rdacontent
=337  \\$acomputer$2rdamedia
=338  \\$aonline resource$2rdacarrier
=500  \\$aTitle from home page (viewed on Sept. 7, 2011).
=500  \\$a"This site is maintained by the Japan Meteorological Agency in cooperation with the World Meteorological Organization".
=506  \\$aData are free to access.
=510  3\$uhttp://dx.doi.org/10.1007/BF02241831
=516  \\$aapplication/pdf; text/plain; image/png.
=520  \\$aWDCGG collects and provides measured data on greenhouse and related gasses as part of the framework of the ICSU World Data Centres. Data can be accessed per-station and country. Locations of observation points and stations can be visualised as well as plots of data.
=538  \\$aMode of access: World Wide Web.
=540  \\$aNot stated.
=584  \\$aWDCGG accepts data from established project partners (such as local and national meteorological centres and environment agencies) and archives data from new projects pending quality assurance of submissions.
=584  \\$aAccepting data submissions: No.
=650  \0$aGreenhouse gases$xEnvironmental aspects$vObservations$vDatabases.
=650  \0$aAtmospheric chemistry$vObservations$vDatabases.
=653  2\$aLiving With Environmental Change
=655  \7$aDataset.$2local
=655  \7$aLongitudinal data.$2local
=655  \7$aMonitoring data.$2local
=655  \7$aReference data.$2local
=690  7\$aResearch Datasets Collection$2blcoll
=710  1\$aJapan.$bKishōchō.
=710  2\$aWorld Meteorological Organization.$bGlobal Atmosphere Watch.
=710  2\$aWMO World Data Centre for Greenhouse Gases.
=856  40$uhttp://gaw.kishou.go.jp/wdcgg/$yResearch Datasets Collection
=859  \\$aXLD$bdatasets
=CAT  \\$aRESDATASET$b00$c20110825$lBLL01$h1145
=CAT  \\$a7332$b40$c20110907$lBLL01$h1036
=CAT  \\$a7332$b40$c20110907$lBLL01$h1305
=CAT  \\$a7332$b40$c20110920$lBLL01$h0719
=CAT  \\$a7332$b40$c20110921$lBLL01$h1014
=CAT  \\$aBATCH-UPD$b40$c20120821$lBLL01$h1643
=CAT  \\$aBATCH-UPD$b40$c20121018$lBLL01$h1009
=CAT  \\$a7332$b40$c20121024$lBLL01$h1407
=CAT  \\$a7332$b40$c20121031$lBLL01$h1034
=CAT  \\$a7332$b40$c20121031$lBLL01$h1037
=CAT  \\$aWR13.117$c20130718$lBLL01$h1857
=CAT  \\$aW1606-1753$c20171028$lBLL01$h1342
=FIN  \\$aY$d20110907
=FMT  \\$a  SE
=LAS  \\$aW1606-1753$b00$c20171028$lBLL01$h1342
=SRC  \\$aBLDatasets$bstm_datasets_20110825_mrc.xml
=STA  \\$aSUPPRESSED$bDataset no longer available
=TCO  \\$aZZZ$c008

