=LDR  02229 ai a22005415a 4500
=001  015876660
=003  Uk
=005  20121031103827.0
=007  cr\|||||||||||
=008  110825c\\\\9999\\\\\\\\o\\\\\0\\\a2eng\\
=024  7\$astm20100706e$2local
=245  00$aNational Whale Stranding Recording Scheme Record 1998-2000$h[electronic resource].
=260  \\$bNatural History Museum (NHM)
=336  \\$atext$2rdacontent
=337  \\$acomputer$2rdamedia
=338  \\$aonline resource$2rdacarrier
=506  \\$aData are free to access.
=516  \\$atext/html.
=518  \\$a1913-2004.
=520  \\$aThis dataset gives information on the date and location of cetacean strandings in the UK from 1998-2000. Detailed reports of strandings from 2001-2004 are available from the site. The Natural History Museum has records of strandings back until 1913, these can be requested directly from the NHM.
=522  \\$aUnited Kingdom.
=540  \\$aNot stated.
=584  \\$aData are collected by the National Stranded Whale Recording Scheme.
=584  \\$aAccepting data submissions: No.
=653  \\$aMammals > Cetaceans.
=653  \\$aAcorn Worms.
=653  2\$aLiving With Environmental Change
=655  \7$aDataset.$2local
=655  \7$aObservational data.$2local
=655  \7$aLongitudinal data.$2local
=690  7\$aResearch Datasets Collection$2blcoll
=710  2\$aNational Stranded Whale Recording Scheme
=710  2\$aNatural History Museum (London, England)
=856  40$uhttp://www.nhm.ac.uk/jdsml/research-curation/research/projects/strandings/$yResearch Datasets Collection
=859  \\$aXLD$bdatasets
=CAT  \\$aRESDATASET$b00$c20110825$lBLL01$h1145
=CAT  \\$aBATCH-UPD$b00$c20120821$lBLL01$h1643
=CAT  \\$aBATCH-UPD$b00$c20121018$lBLL01$h1010
=CAT  \\$a7332$b40$c20121023$lBLL01$h1521
=CAT  \\$a7332$b40$c20121031$lBLL01$h1038
=CAT  \\$aWR13.117$c20130718$lBLL01$h1857
=CAT  \\$a8964$b40$c20131205$lBLL01$h0911
=CAT  \\$aW1606-1753$c20171028$lBLL01$h1342
=FMT  \\$a  SE
=LAS  \\$aW1606-1753$b00$c20171028$lBLL01$h1342
=SRC  \\$aBLDatasets$bstm_datasets_20110825_mrc.xml
=STA  \\$aSUPPRESSED$bDataset no longer available
=TCO  \\$aZZZ$c008

