=LDR  02518 ai a2200625 a 4500
=001  015876663
=003  Uk
=005  20121023152346.0
=006  m\\\\\\\\m\|\\\\\\
=007  cr\|||||||||||
=008  110825c200u9999enkuu\d\o\\\\\0\\\a2eng\\
=024  7\$astm20100128br$2local
=040  \\$aUk$beng$cUk
=042  \\$aukblsr
=082  04$a577.0941$223
=245  00$aUnited Kingdom environmental data index$h[electronic resource].
=246  3\$aUKEDI
=260  \\$a[Wallingford] :$bNatural Environment Research Council, Centre for Ecology and Hydrology
=336  \\$atext$2rdacontent
=337  \\$acomputer$2rdamedia
=338  \\$aonline resource$2rdacarrier
=500  \\$aTitle from home page (viewed on Dec. 14, 2011).
=506  \\$aData are free to access.
=516  \\$atext/html.
=520  \\$aUKEDI provides metadata for various UK environmental data held by various databases and data centres but primarily those held at the Centre for Ecology and Hydrology. Records indicate access information for each dataset, as well as why data was originally created/collected.
=538  \\$aMode of access: World Wide Web.
=540  \\$aNot stated.
=584  \\$aMetadata are collected by the CEH, users can register to submit new records.
=584  \\$aAccepting data submissions: Yes.
=650  \0$aEcology$zGreat Britain$vDatabases.
=650  \0$aHydrology$zGreat Britain$vDatabases.
=653  2\$aLiving With Environmental Change
=655  \7$aDataset.$2local
=655  \7$aMetadata.$2local
=655  \7$aMonitoring data.$2local
=655  \7$aReference data.$2local
=690  7\$aResearch Datasets Collection$2blcoll
=710  2\$aCentre for Ecology and Hydrology (Great Britain)
=856  40$uhttp://ukedi.ceh.ac.uk/default.jsp$yResearch Datasets Collection
=859  \\$aXLD$bdatasets
=985  \\$aRK email 19/10/12 - "Remove record"
=CAT  \\$aRESDATASET$b00$c20110825$lBLL01$h1145
=CAT  \\$a7332$b40$c20111214$lBLL01$h0811
=CAT  \\$aBATCH-UPD$b40$c20120821$lBLL01$h1643
=CAT  \\$aBATCH-UPD$b40$c20121018$lBLL01$h1009
=CAT  \\$a7332$b40$c20121023$lBLL01$h1523
=CAT  \\$aWR13.117$c20130718$lBLL01$h1857
=CAT  \\$aW1606-1753$c20171028$lBLL01$h1342
=CAT  \\$aW1711-1225$c20171203$lBLL01$h1045
=FIN  \\$aY$d20111214
=FMT  \\$a  SE
=LAS  \\$aW1711-1225$b00$c20171203$lBLL01$h1045
=SRC  \\$aBLDatasets$bstm_datasets_20110825_mrc.xml
=STA  \\$aSUPPRESSED$bunable to determine reason for suppression
=TCO  \\$aZZZ$c008

