=LDR  02296 ai a22004935a 4500
=001  015876664
=003  Uk
=005  20121031104340.0
=007  cr\|||||||||||
=008  110825c\\\\9999\\\\\\\\o\\\\\0\\\a2eng\\
=024  7\$astm20100107d$2local
=245  00$aLand cover change and condition database$h[electronic resource].
=260  \\$bAustralian Government, Department of Sustainability, Environment, Water, Population and Communities
=336  \\$atext$2rdacontent
=337  \\$acomputer$2rdamedia
=338  \\$aonline resource$2rdacarrier
=506  \\$aData are free to access.
=516  \\$aapplication/pdf; application/msaccess.
=520  \\$aThe Land cover change and condition database lists land cover and condition projects being carried out around Australia, collated by ERIN and submitted by the leaders of those projects. Data can be downloaded in PDF or Microsoft Access format.
=522  \\$aAustralia.
=540  \\$aThis material is copyright Commonwealth of Australia, except where otherwise indicated. Apart from any use as permitted under the Copyright Act 1968 , all other rights are reserved.
=584  \\$aThe records were compiled by ERIN, additional information on projects can be contributed by researchers.
=584  \\$aAccepting data submissions: No.
=653  \\$aLand Cover.
=653  \\$aEnvironmental Impacts > Environmental Assessments.
=653  2\$aLiving With Environmental Change
=655  \7$aDataset.$2local
=655  \7$aMetadata.$2local
=690  7\$aResearch Datasets Collection$2blcoll
=710  2\$aEnvironmental Resources Information Network (ERIN)
=856  40$uhttp://www.environment.gov.au/erin/landcover/index.html$yResearch Datasets Collection
=859  \\$aXLD$bdatasets
=CAT  \\$aRESDATASET$b00$c20110825$lBLL01$h1145
=CAT  \\$aBATCH-UPD$b00$c20120821$lBLL01$h1643
=CAT  \\$aBATCH-UPD$b00$c20121018$lBLL01$h1010
=CAT  \\$a7332$b40$c20121025$lBLL01$h1552
=CAT  \\$a7332$b40$c20121031$lBLL01$h1043
=CAT  \\$aWR13.117$c20130718$lBLL01$h1857
=CAT  \\$aW1606-1753$c20171028$lBLL01$h1342
=FMT  \\$a  SE
=LAS  \\$aW1606-1753$b00$c20171028$lBLL01$h1342
=SRC  \\$aBLDatasets$bstm_datasets_20110825_mrc.xml
=STA  \\$aSUPPRESSED$bDataset no longer available
=TCO  \\$aZZZ$c008

