=LDR  03114 ai a2200721 a 4500
=001  015876667
=003  Uk
=005  20121031104710.0
=006  m\\\\\\\\m\|\\\\\\
=007  cr\|||||||||||
=008  110825c200u9999at\uu\d\o\\\\\0\\\a2eng\\
=024  7\$astm20100111b$2local
=040  \\$aUk$beng$cUk
=042  \\$aukblsr
=082  04$a599.50994$223
=245  00$aNational whale and dolphin sightings and strandings database$h[electronic resource].
=260  \\$aCanberra :$bAustralian Government, Department of the Environment and Water Resources
=336  \\$atext$2rdacontent
=337  \\$acomputer$2rdamedia
=338  \\$aonline resource$2rdacarrier
=500  \\$aTitle from home page (viewed on Oct. 13, 2011).
=506  \\$aData are free to access.
=516  \\$atext/html.
=518  \\$a1849-.
=520  \\$aNational Whale and Dolphin Sightings and Strandings collates data on sightings in Australian waters and strandings on the Australian coast of whales and dolphins. Individual records can be displayed in a map view and there are links to species profiles.
=522  \\$aAustralia.
=538  \\$aMode of access: World Wide Web.
=540  \\$aThis material is copyright Commonwealth of Australia, except where otherwise indicated.
=584  \\$aSightings can be submitted by the public and are collated by the Department of the Environment and Water Resources.
=584  \\$aAccepting data submissions: Yes.
=650  \0$aDolphins$xStranding$zAustralia$vDatabases.
=650  \0$aDolphins$zAustralia$xObservations$vDatabases.
=650  \0$aWhales$xStranding$zAustralia$vDatabases.
=650  \0$aWhales$zAustralia$xObservations$vDatabases.
=653  2\$aLiving With Environmental Change
=655  \7$aDataset.$2local
=655  \7$aObservational data.$2local
=655  \7$aMonitoring data.$2local
=655  \7$aReference data.$2local
=690  7\$aResearch Datasets Collection$2blcoll
=710  1\$aAustralia.$bDepartment of the Environment and Water Resources.
=856  40$uhttp://data.aad.gov.au/aadc/whales/$yResearch Datasets Collection
=859  \\$aXLD$bdatasets
=985  \\$aRecord amended for WR# 13/070
=985  \\$ahttp://data.aad.gov.au/aadc/whales/index.cfm?sort_by=num_sightings%20desc - 710s?
=CAT  \\$aRESDATASET$b00$c20110825$lBLL01$h1145
=CAT  \\$a7332$b40$c20111014$lBLL01$h0728
=CAT  \\$aBATCH-UPD$b40$c20111014$lBLL01$h0729
=CAT  \\$a7332$b40$c20111220$lBLL01$h1049
=CAT  \\$a7332$b40$c20120118$lBLL01$h1121
=CAT  \\$aBATCH-UPD$b40$c20120821$lBLL01$h1643
=CAT  \\$aBATCH-UPD$b40$c20121018$lBLL01$h1009
=CAT  \\$a7332$b40$c20121024$lBLL01$h0948
=CAT  \\$a7332$b40$c20121031$lBLL01$h1047
=CAT  \\$aWR13_070$b00$c20130504$lBLL01$h0333
=CAT  \\$aWR13_070C$c20130611$lBLL01$h1858
=CAT  \\$aWR13.117$c20130718$lBLL01$h1857
=CAT  \\$aW1606-1753$c20171028$lBLL01$h1342
=FMT  \\$a  SE
=LAS  \\$aW1606-1753$b00$c20171028$lBLL01$h1342
=SRC  \\$aBLDatasets$bstm_datasets_20110825_mrc.xml
=STA  \\$aSUPPRESSED$bDataset no longer available
=TCO  \\$aZZZ$c008

