=LDR  02465 ai a22004935a 4500
=001  015876676
=003  Uk
=005  20121031091135.0
=007  cr\|||||||||||
=008  110825c\\\\9999\\\\\\\\o\\\\\0\\\a2eng\\
=024  7\$astm20100128ca$2local
=245  00$aMarine Environment and Security for the European Area$h[electronic resource].
=246  0\$aMersea
=260  \\$bFrench Research Institute for Exploitation of the Sea (IFREMER)
=336  \\$atext$2rdacontent
=337  \\$acomputer$2rdamedia
=338  \\$aonline resource$2rdacarrier
=506  \\$aData are free to access.
=510  3\$uhttps://dx.doi.org/10.1109/OCEANSE.2005.1513250
=516  \\$atext/html.
=520  \\$aMersea provides and inventory and search of the global and regional marine forecast and monitoring data products it holds for policy makers to allow safe planning of environmental planning and activities. Data were taken in situ and by remote sensing and provide parameters such as air pressure, temperature, dissolved gases, chlorophyll, current and salinity. Data of interest can be identified by product, parameter and/or geographical coverage. A catalogue of products can also be browsed. As data are from various sources their access restrictions differ, but each record gives an access statement.
=540  \\$aCreators/Contributors retain copyright.
=584  \\$aData are acquired and assimilated by Mersea.
=584  \\$aAccepting data submissions: No.
=653  \\$aEnvironmental Impacts > Environmental Assessments.
=653  2\$aLiving With Environmental Change
=655  \7$aDataset.$2local
=655  \7$aMetadata.$2local
=690  7\$aResearch Datasets Collection$2blcoll
=710  2\$aMarine Environment and Security for the European Area (Mersea)
=856  40$uhttp://www.mersea.eu.org/Information/dynamic/MerseaSearch?profile=partner$yResearch Datasets Collection
=859  \\$aXLD$bdatasets
=CAT  \\$aRESDATASET$b00$c20110825$lBLL01$h1145
=CAT  \\$aBATCH-UPD$b00$c20120821$lBLL01$h1643
=CAT  \\$aBATCH-UPD$b00$c20121018$lBLL01$h1010
=CAT  \\$a7332$b40$c20121024$lBLL01$h0840
=CAT  \\$a7332$b40$c20121031$lBLL01$h0911
=CAT  \\$aWR13.117$c20130718$lBLL01$h1857
=CAT  \\$aW1606-1753$c20171028$lBLL01$h1342
=FMT  \\$a  SE
=LAS  \\$aW1606-1753$b00$c20171028$lBLL01$h1342
=SRC  \\$aBLDatasets$bstm_datasets_20110825_mrc.xml
=STA  \\$aSUPPRESSED$bDataset no longer available
=TCO  \\$aZZZ$c008

