=LDR  02623 ai a2200613 a 4500
=001  015876679
=003  Uk
=005  20160510074927.0
=006  m\\\\\\\\m\|\\\\\\
=007  cr\|||||||||||
=008  110825c200u9999xxuuu\d\o\\\\\0\\\a2eng\\
=024  7\$astm20100128cb$2local
=040  \\$aUk$beng$cUk
=042  \\$aukblsr
=082  04$a551.5246$223
=245  00$aAir-sea interaction & climate$h[electronic resource].
=246  3\$aAir-sea interaction and climate
=260  \\$a[Pasadena] :$bJet Propulsion Laboratory
=336  \\$atext$2rdacontent
=337  \\$acomputer$2rdamedia
=338  \\$aonline resource$2rdacarrier
=500  \\$aTitle from home page (viewed on Dec. 1, 2011).
=506  \\$aUsers must register to access data.
=516  \\$atext/plain.
=520  \\$aThis resource provides data from 11 remote sensing datasets (QuikSCAT winds; NSCAT winds, stress and curl of stress; NSCAT Correlation-Based Interpolated (CBI) data; ERS winds and curl of stress; Hourly NDBC Equivalent Neutral Wind (9609 and 9610); Hourly TAO Equivalent Neutral Wind Coincident with NSCAT; Equivalent Neutral Wind Calculation (LKB code) and Moisture Transport) that can be directly downloaded from the site or accessed via web services.
=538  \\$aMode of access: World Wide Web.
=540  \\$aCreators/Contributors retain copyright.
=584  \\$aData are generated by JPL missions.
=584  \\$aAccepting data submissions: No.
=650  \0$aOcean-atmosphere interaction$vDatabases.
=650  \0$aMeteorological satellites$vObservations$vDatabases.
=653  2\$aLiving With Environmental Change
=655  \7$aDataset.$2local
=655  \7$aObservational data.$2local
=655  \7$aMonitoring data.$2local
=655  \7$aReference data.$2local
=690  7\$aResearch Datasets Collection$2blcoll
=710  2\$aJet Propulsion Laboratory (U.S.)
=710  2\$aCalifornia Institute of Technology.
=856  40$uhttp://airsea-www.jpl.nasa.gov/data/data.html$yResearch Datasets Collection
=859  \\$aXLD$bdatasets
=CAT  \\$aRESDATASET$b00$c20110825$lBLL01$h1145
=CAT  \\$a7332$b40$c20111201$lBLL01$h0853
=CAT  \\$aBATCH-UPD$b40$c20120821$lBLL01$h1643
=CAT  \\$aBATCH-UPD$b40$c20121018$lBLL01$h1010
=CAT  \\$aWR13.117$c20130718$lBLL01$h1857
=CAT  \\$a7332$b40$c20160510$lBLL01$h0749
=CAT  \\$aW1606-1753$c20171028$lBLL01$h1342
=FIN  \\$aY$d20111201
=FMT  \\$a  SE
=LAS  \\$aW1606-1753$b00$c20171028$lBLL01$h1342
=SRC  \\$aBLDatasets$bstm_datasets_20110825_mrc.xml
=STA  \\$aSUPPRESSED$bDataset no longer available
=TCO  \\$aZZZ$c008

