=LDR  02526 ai a2200613 a 4500
=001  015876689
=003  Uk
=005  20160510074849.0
=006  m\\\\\\\\m\|\\\\\\
=007  cr\|||||||||||
=008  110825c200u9999enkuu\d\o\\\\\0\\\a2eng\\
=024  7\$astm20100205g$2local
=040  \\$aUk$beng$cUk
=042  \\$aukblsr
=082  04$a551.4830941$223
=245  00$aHiFlows-UK$h[electronic resource].
=260  \\$bEnvironment Agency
=336  \\$atext$2rdacontent
=337  \\$acomputer$2rdamedia
=338  \\$aonline resource$2rdacarrier
=500  \\$aTitle from home page (viewed on Feb. 2, 2012).
=506  \\$aNone.
=516  \\$atext/plain; application/msexcel; text/html; image/png.
=520  \\$aHiFlows-UK provides peak flood data from UK rivers. Data can be searched by gauging stations or with map search and the entire dataset can be downloaded for use with the WINFAP-FEH hydrological software.
=522  \\$aUnited Kingdom.
=538  \\$aMode of access: World Wide Web.
=540  \\$aAll intellectual property rights in the data and information on this web site are owned by the parties to HiFlows-UK, unless specifically acknowledged, or are licensed from other 3rd party data providers.
=584  \\$aData are created and collected by the Environment Agency.
=584  \\$aAccepting data submissions: No.
=650  \0$aStream measurements$zGreat Britain$vDatabases.
=653  2\$aLiving With Environmental Change
=655  \7$aDataset.$2local
=655  \7$aObservational data.$2local
=655  \7$aLongitudinal data.$2local
=655  \7$aReference data.$2local
=690  7\$aResearch Datasets Collection$2blcoll
=710  1\$aGreat Britain.$bEnvironment Agency.
=710  1\$aNorthern Ireland.$bRivers Agency.
=710  2\$aScottish Environment Protection Agency.
=856  40$uhttp://www.environment-agency.gov.uk/hiflows/91727.aspx$yResearch Datasets Collection
=859  \\$aXLD$bdatasets
=CAT  \\$aRESDATASET$b00$c20110825$lBLL01$h1145
=CAT  \\$a7332$b40$c20120202$lBLL01$h1455
=CAT  \\$aBATCH-UPD$b40$c20120821$lBLL01$h1643
=CAT  \\$aBATCH-UPD$b40$c20121018$lBLL01$h1009
=CAT  \\$aWR13.117$c20130718$lBLL01$h1857
=CAT  \\$a7332$b40$c20160510$lBLL01$h0748
=CAT  \\$aW1606-1753$c20171028$lBLL01$h1342
=FIN  \\$aY$d20120202
=FMT  \\$a  SE
=LAS  \\$aW1606-1753$b00$c20171028$lBLL01$h1342
=SRC  \\$aBLDatasets$bstm_datasets_20110825_mrc.xml
=STA  \\$aSUPPRESSED$bDataset no longer available
=TCO  \\$aZZZ$c008

