=LDR  02612 ai a2200649 a 4500
=001  015876691
=003  Uk
=005  20121031105035.0
=006  m\\\\\\\\m\|\\\\\\
=007  cr\|||||||||||
=008  110825c200u9999xxuuu\d\o\\\\\0\\\a2eng\\
=024  7\$astm20100209n$2local
=040  \\$aUk$beng$cUk
=042  \\$aukblsr
=082  04$a333.79680973$223
=245  00$aData, analysis & trends.$pInfrastructure$h[electronic resource].
=260  \\$aWashington, D.C. :$bU.S. Department of Energy
=336  \\$atext$2rdacontent
=337  \\$acomputer$2rdamedia
=338  \\$aonline resource$2rdacarrier
=500  \\$aTitle from home page (viewed on Oct. 13, 2011).
=506  \\$aData are free to access.
=516  \\$aapplication/msexcel.
=520  \\$aProvides data on alternative fuel (compressed natural gas, E85, electricity, hydrogen, Liquefied Natural Gas, Liquefied Petroleum Gas and M85) infrastructure in the U.S., including fuelling stations, hydrogen fuel availability and economic analysis.
=522  \\$aUnited States.
=538  \\$aMode of access: World Wide Web.
=540  \\$aPublic Domain.
=584  \\$aData are collected by the DoE.
=584  \\$aAccepting data submissions: No.
=650  \0$aFuel switching$xEconomic aspects$zUnited States$vDatabases.
=650  \0$aFuel switching$zUnited States$vDatabases.
=650  \0$aService stations$zUnited States$vDatabases.
=653  2\$aLiving With Environmental Change
=655  \7$aDataset.$2local
=655  \7$aMonitoring data.$2local
=655  \7$aReference data.$2local
=690  7\$aResearch Datasets Collection$2blcoll
=710  1\$aUnited States.$bDepartment of Energy.
=710  2\$aAlternative Fuels Data Center (National Renewable Energy Laboratory)
=856  40$uhttp://www.afdc.energy.gov/afdc/data/infrastructure.html$yResearch Datasets Collection
=859  \\$aXLD$bdatasets
=985  \\$aRecord amended for WR# 13/070
=CAT  \\$aRESDATASET$b00$c20110825$lBLL01$h1145
=CAT  \\$a7332$b40$c20111014$lBLL01$h1047
=CAT  \\$aBATCH-UPD$b40$c20120821$lBLL01$h1643
=CAT  \\$aBATCH-UPD$b40$c20121018$lBLL01$h1010
=CAT  \\$a7332$b40$c20121024$lBLL01$h1346
=CAT  \\$a7332$b40$c20121031$lBLL01$h1050
=CAT  \\$aWR13_070$b00$c20130504$lBLL01$h0333
=CAT  \\$aWR13.117$c20130718$lBLL01$h1857
=CAT  \\$aW1606-1753$c20171028$lBLL01$h1342
=FIN  \\$aY$d20111014
=FMT  \\$a  SE
=LAS  \\$aW1606-1753$b00$c20171028$lBLL01$h1342
=SRC  \\$aBLDatasets$bstm_datasets_20110825_mrc.xml
=STA  \\$aSUPPRESSED$bDataset no longer available
=TCO  \\$aZZZ$c008

