=LDR  02447 ai a2200637 a 4500
=001  015876694
=003  Uk
=005  20121031105626.0
=006  m\\\\\\\\m\|\\\\\\
=007  cr\|||||||||||
=008  110825c200u9999xxuuu\d\o\\\\\0\\\a2eng\\
=024  7\$astm20100209q$2local
=040  \\$aUk$beng$cUk
=042  \\$aukblsr
=082  04$a388.0973$223
=245  00$aData, analysis & trends.$pIncentives and laws$h[electronic resource].
=260  \\$aWashington, D.C. :$bU.S. Department of Energy
=336  \\$atext$2rdacontent
=337  \\$acomputer$2rdamedia
=338  \\$aonline resource$2rdacarrier
=500  \\$aTitle from home page (viewed on Oct. 13, 2011).
=506  \\$aData are free to access.
=516  \\$aapplication/msexcel.
=520  \\$aProvides information on U.S. incentives and laws for alternative vehicle use and uptake and petroleum reduction.
=522  \\$aUnited States.
=538  \\$aMode of access: World Wide Web.
=540  \\$aPublic Domain.
=584  \\$aData are collected by the DoE.
=584  \\$aAccepting data submissions: No.
=650  \0$aAlternative fuel vehicles$zUnited States$vStatistics$vDatabases.
=650  \0$aAutomobiles$xFuel consumption$xLaw and legislation$zUnited States$vDatabases.
=653  2\$aLiving With Environmental Change
=655  \7$aDataset.$2local
=655  \7$aMonitoring data.$2local
=655  \7$aReference data.$2local
=690  7\$aResearch Datasets Collection$2blcoll
=710  1\$aUnited States.$bDepartment of Energy.
=710  2\$aAlternative Fuels Data Center (National Renewable Energy Laboratory)
=856  40$uhttp://www.afdc.energy.gov/afdc/data/laws.html$yResearch Datasets Collection
=859  \\$aXLD$bdatasets
=985  \\$aRecord amended for WR# 13/070
=CAT  \\$aRESDATASET$b00$c20110825$lBLL01$h1145
=CAT  \\$a7332$b40$c20111014$lBLL01$h0732
=CAT  \\$aBATCH-UPD$b40$c20120821$lBLL01$h1643
=CAT  \\$aBATCH-UPD$b40$c20121018$lBLL01$h1010
=CAT  \\$a7332$b40$c20121024$lBLL01$h1348
=CAT  \\$a7332$b40$c20121031$lBLL01$h1056
=CAT  \\$aWR13_070$b00$c20130504$lBLL01$h0333
=CAT  \\$aWR13.117$c20130718$lBLL01$h1857
=CAT  \\$aW1606-1753$c20171028$lBLL01$h1342
=FIN  \\$aY$d20111013
=FMT  \\$a  SE
=LAS  \\$aW1606-1753$b00$c20171028$lBLL01$h1342
=SRC  \\$aBLDatasets$bstm_datasets_20110825_mrc.xml
=STA  \\$aSUPPRESSED$bDataset no longer available
=TCO  \\$aZZZ$c008

