=LDR  01878 ai a22004935a 4500
=001  015876695
=003  Uk
=005  20121031105759.0
=007  cr\|||||||||||
=008  110825c\\\\9999\\\\\\\\o\\\\\0\\\a2eng\\
=024  7\$astm20100209l$2local
=245  00$aAlternative Fuels Clean Cities$h[electronic resource].
=260  \\$bU.S. Department of Energy (DoE)
=336  \\$atext$2rdacontent
=337  \\$acomputer$2rdamedia
=338  \\$aonline resource$2rdacarrier
=506  \\$aData are free to access.
=516  \\$aapplication/msexcel.
=518  \\$a1994-2009.
=520  \\$aProvides petroleum fuel displacement data reported by coalitions to the clean cities program. Also provides population and funding information for Clean Cities coalitions.
=522  \\$aUnited States.
=540  \\$aPublic Domain.
=584  \\$aData are derived from Clean Cities coordinator questionnaires.
=584  \\$aAccepting data submissions: No.
=653  \\$aPolitical Divisions.
=653  2\$aLiving With Environmental Change
=655  \7$aDataset.$2local
=655  \7$aMonitoring data.$2local
=690  7\$aResearch Datasets Collection$2blcoll
=710  2\$aU.S. Department of Energy (DoE)
=856  40$uhttp://www.afdc.energy.gov/afdc/data/cleancities.html$yResearch Datasets Collection
=859  \\$aXLD$bdatasets
=CAT  \\$aRESDATASET$b00$c20110825$lBLL01$h1145
=CAT  \\$aBATCH-UPD$b00$c20120821$lBLL01$h1643
=CAT  \\$aBATCH-UPD$b00$c20121018$lBLL01$h1010
=CAT  \\$a7332$b40$c20121024$lBLL01$h1349
=CAT  \\$a7332$b40$c20121031$lBLL01$h1058
=CAT  \\$aWR13.117$c20130718$lBLL01$h1857
=CAT  \\$aW1606-1753$c20171028$lBLL01$h1342
=FMT  \\$a  SE
=LAS  \\$aW1606-1753$b00$c20171028$lBLL01$h1342
=SRC  \\$aBLDatasets$bstm_datasets_20110825_mrc.xml
=STA  \\$aSUPPRESSED$bDataset no longer available
=TCO  \\$aZZZ$c008

