=LDR  02875 ai a2200709 a 4500
=001  015876704
=003  Uk
=005  20130425082346.0
=006  m\\\\\\\\m\|\\\\\\
=007  cr\|||||||||||
=008  110825c200u9999enkuu\d\o\\\\\0\\\a2eng\\
=024  7\$astm20100211r$2local
=040  \\$aUk$beng$cUk$dUk
=041  0\$aeng$afre
=042  \\$aukblsr
=082  04$a551.46131$223
=245  00$aOffshore oil & gas$h[electronic resource].
=246  1\$iFrench interface title:$aPétrôle extracôtier
=246  3\$aOffshore oil and gas
=260  \\$aOttawa :$bFisheries and Oceans Canada
=336  \\$atext$2rdacontent
=337  \\$acomputer$2rdamedia
=338  \\$aonline resource$2rdacarrier
=500  \\$aTitle from home page (viewed on Nov. 2, 2011).
=506  \\$aSome data require permission to access.
=516  \\$aapplication/zip; text/plain.
=518  \\$a1979-1993.
=520  \\$aProvides an inventory and download for meteorological, current, wave, tide, ice and other oceanographic data collected by the Canadian Oil and Gas industry.
=522  \\$aNorth Atlantic Ocean.
=538  \\$aMode of access: World Wide Web.
=540  \\$aThe material on this site is covered by the provisions of the Copyright Act, and by Canadian laws, policies, regulations and international agreements.
=546  \\$aInterface in English and French.
=584  \\$aData are collated by Fisheries and Oceans Canada.
=584  \\$aAccepting data submissions: No.
=650  \0$aMeteorology$xResearch$zNorth Atlantic Ocean$vDatabases.
=650  \0$aOceanography$xResearch$zNorth Atlantic Ocean$vDatabases.
=653  2\$aLiving With Environmental Change
=655  \7$aDataset.$2local
=655  \7$aObservational data.$2local
=655  \7$aMonitoring data.$2local
=655  \7$aReference data.$2local
=690  7\$aResearch Datasets Collection$2blcoll
=710  1\$aCanada.$bDepartment of Fisheries and Oceans.
=710  2\$aCentre for Offshore Oil, Gas and Energy Research.
=856  40$uhttp://www.meds-sdmm.dfo-mpo.gc.ca/isdm-gdsi/oil-petrole/index-eng.htm$yResearch Datasets Collection
=859  \\$aXLD$bdatasets
=985  \\$aRecord amended for WR# 13/070
=CAT  \\$aRESDATASET$b00$c20110825$lBLL01$h1145
=CAT  \\$a7332$b40$c20111102$lBLL01$h1317
=CAT  \\$a7332$b40$c20111202$lBLL01$h1249
=CAT  \\$aBATCH-UPD$b40$c20120821$lBLL01$h1643
=CAT  \\$aBATCH-UPD$b40$c20121018$lBLL01$h1009
=CAT  \\$a7332$b40$c20130425$lBLL01$h0823
=CAT  \\$aWR13_070$b00$c20130504$lBLL01$h0333
=CAT  \\$aWR13.117$c20130718$lBLL01$h1857
=CAT  \\$aW1606-1753$c20171028$lBLL01$h1342
=FIN  \\$aY$d20111102
=FMT  \\$a  SE
=LAS  \\$aW1606-1753$b00$c20171028$lBLL01$h1342
=SRC  \\$aBLDatasets$bstm_datasets_20110825_mrc.xml
=STA  \\$aSUPPRESSED$bDataset no longer available
=TCO  \\$aZZZ$c008

