=LDR  02692 ai a2200661 a 4500
=001  015876718
=003  Uk
=005  20130425080908.0
=006  m\\\\\\\\m\|\\\\\\
=007  cr\|||||||||||
=008  110825c200u9999xxcuu\w\o\\\\\0\\\a2eng\\
=024  7\$astm20100211g$2local
=040  \\$aUk$beng$cUk$dUk
=042  \\$aukblsr
=082  04$a551.46$223
=245  00$aFisheries and Oceans GeoPortal$h[electronic resource].
=246  1\$iFrench interface title:$aGéoPortail du MPO
=246  3\$aDFO GeoPortal
=246  3\$aGeoPortal
=260  \\$aOttawa :$bFisheries and Oceans Canada
=336  \\$atext$2rdacontent
=337  \\$acomputer$2rdamedia
=338  \\$aonline resource$2rdacarrier
=500  \\$aTitle from home page (viewed on Oct. 18, 2011).
=506  \\$aData are free to access.
=516  \\$atext/html.
=520  \\$aProvides a metadata search for data held by the Department of Fisheries and Oceans, Canada. Not all data identified are available online, URLs to those that are can be found in the individual metadata records. Metadata are searched using a map, date range and keyword search.
=522  \\$aNorth Atlantic Ocean.
=538  \\$aMode of access: World Wide Web.
=540  \\$aThe material on this site is covered by the provisions of the Copyright Act, and by Canadian laws, policies, regulations and international agreements.
=584  \\$aMetadata are created by Fisheries and Oceans Canada.
=584  \\$aAccepting data submissions: No.
=650  \0$aOceanography$vMaps$vDatabases.
=650  \0$aOceanography$xResearch$vDatabases.
=653  2\$aLiving With Environmental Change
=655  \7$aDataset.$2local
=655  \7$aMetadata.$2local
=655  \7$aMonitoring data.$2local
=655  \7$aReference data.$2local
=690  7\$aResearch Datasets Collection$2blcoll
=710  1\$aCanada.$bDepartment of Fisheries and Oceans.
=856  40$uhttp://geoportail-geoportal.gc.ca/index-eng.asp$yResearch Datasets Collection
=859  \\$aXLD$bdatasets
=985  \\$aRecord amended for WR# 13/070
=CAT  \\$aRESDATASET$b00$c20110825$lBLL01$h1145
=CAT  \\$a7332$b40$c20111018$lBLL01$h1348
=CAT  \\$aBATCH-UPD$b40$c20120821$lBLL01$h1643
=CAT  \\$aBATCH-UPD$b40$c20121018$lBLL01$h1009
=CAT  \\$a7332$b40$c20130425$lBLL01$h0809
=CAT  \\$aWR13_070$b00$c20130504$lBLL01$h0333
=CAT  \\$aWR13.117$c20130718$lBLL01$h1857
=CAT  \\$aW1606-1753$c20171028$lBLL01$h1342
=FIN  \\$aY$d20111018
=FMT  \\$a  SE
=LAS  \\$aW1606-1753$b00$c20171028$lBLL01$h1342
=SRC  \\$aBLDatasets$bstm_datasets_20110825_mrc.xml
=STA  \\$aSUPPRESSED$bDataset no longer available
=TCO  \\$aZZZ$c008

