=LDR  02938 ai a2200673 a 4500
=001  015876721
=003  Uk
=005  20131017081545.0
=006  m\\\\\\\\m\|\\\\\\
=007  cr\|||||||||||
=008  110825c200u9999xxcuu\d\o\\\\\0\\\a2eng\\
=024  7\$astm20100211d$2local
=040  \\$aUk$beng$cUk
=041  0\$aeng$afre
=042  \\$aukblsr
=082  04$a551.4651434$223
=245  00$aContours of average temperature and salinity in the Gulf of Alaska$h[electronic resource].
=246  1\$iFrench interface title:$aCourbes de niveau de température/salinité moyenne en été/hiver dans le golfe de l'Alaska
=260  \\$aOttawa :$bFisheries and Oceans Canada
=336  \\$atext$2rdacontent
=337  \\$acomputer$2rdamedia
=338  \\$aonline resource$2rdacarrier
=500  \\$aTitle from home page (viewed on Oct. 18, 2011).
=506  \\$aData are free to access.
=516  \\$aimage/gif.
=520  \\$aVisualises the contours of median temperature and salinity in the gulf of Alaska. Data can be obtained by selecting the season and water depth of interest. Animations of data over time are also available.
=522  \\$aGulf of Alaska.
=538  \\$aMode of access: World Wide Web.
=540  \\$aThe material on this site is covered by the provisions of the Copyright Act, and by Canadian laws, policies, regulations and international agreements.
=546  \\$aInterface in English and French.
=584  \\$aAccepting data submissions: No.
=650  \0$aOcean temperature$zAlaska$zAlaska, Gulf of$vObservations$vDatabases.
=650  \0$aOceanography$xResearch$zAlaska$zAlaska, Gulf of$vDatabases.
=650  \0$aSalinity$zAlaska$zAlaska, Gulf of$vObservations$vDatabases.
=650  \0$aSeawater$zAlaska$zAlaska, Gulf of$vObservations$vDatabases.
=653  2\$aLiving With Environmental Change
=655  \7$aDataset.$2local
=655  \7$aMonitoring data.$2local
=655  \7$aReference data.$2local
=690  7\$aResearch Datasets Collection$2blcoll
=710  1\$aCanada.$bDepartment of Fisheries and Oceans.
=856  40$uhttp://www.pac.dfo-mpo.gc.ca/science/oceans/data-donnees/Alaska/index-eng.htm$yResearch Datasets Collection
=859  \\$aXLD$bdatasets
=985  \\$aRecord amended for WR# 13/070
=CAT  \\$aRESDATASET$b00$c20110825$lBLL01$h1145
=CAT  \\$a7332$b40$c20111018$lBLL01$h1045
=CAT  \\$a7332$b40$c20111018$lBLL01$h1325
=CAT  \\$aBATCH-UPD$b40$c20120821$lBLL01$h1643
=CAT  \\$aBATCH-UPD$b40$c20121018$lBLL01$h1009
=CAT  \\$aWR13_070$b00$c20130504$lBLL01$h0333
=CAT  \\$aWR13.117$c20130718$lBLL01$h1857
=CAT  \\$a7332$b40$c20131017$lBLL01$h0815
=CAT  \\$aW1606-1753$c20171028$lBLL01$h1342
=FIN  \\$aY$d20111018
=FMT  \\$a  SE
=LAS  \\$aW1606-1753$b00$c20171028$lBLL01$h1342
=SRC  \\$aBLDatasets$bstm_datasets_20110825_mrc.xml
=STA  \\$aSUPPRESSED$bDataset no longer available
=TCO  \\$aZZZ$c008

