=LDR  03046 ai a2200697 a 4500
=001  015876722
=003  Uk
=005  20130319090042.0
=006  m\\\\\\\\m\|\\\\\\
=007  cr\|||||||||||
=008  110825c200u9999xxcuu\d\o\\\\\0\\\a2eng\\
=024  7\$astm20100211c$2local
=040  \\$aUk$beng$cUk
=041  0\$aeng$afre
=042  \\$aukblsr
=082  04$a551.4651433$223
=245  00$aRange profiles$h[electronic resource].
=246  1\$iFrench interface title:$aProfils de l'étendue des données
=260  \\$aOttawa :$bFisheries and Oceans Canada
=336  \\$atext$2rdacontent
=337  \\$acomputer$2rdamedia
=338  \\$aonline resource$2rdacarrier
=500  \\$aTitle from home page (viewed on Oct. 18, 2011).
=506  \\$aData are free to access.
=516  \\$aimage/gif.
=520  \\$aProvides seasonal means and predicted ranges of temperature and salinity for specific regions from the Canadian coast. These are created with CTD profiles recorded between January 1986 and February 2008. Visualisations of these data can be obtained by selecting an area and season.
=522  \\$aNorth East Pacific Ocean.
=538  \\$aMode of access: World Wide Web.
=540  \\$aThe material on this site is covered by the provisions of the Copyright Act, and by Canadian laws, policies, regulations and international agreements.
=546  \\$aInterface in English and French.
=584  \\$aData are collated by Fisheries and Oceans Canada.
=584  \\$aAccepting data submissions: No.
=650  \0$aOcean temperature$zBritish Columbia$zPacific Coast$vObservations$vDatabases.
=650  \0$aOceanography$xResearch$zBritish Columbia$zPacific Coast$vDatabases.
=650  \0$aSalinity$zBritish Columbia$zPacific Coast$vObservations$vDatabases.
=650  \0$aSeawater$zBritish Columbia$zPacific Coast$vObservations$vDatabases.
=653  2\$aLiving With Environmental Change
=655  \7$aDataset.$2local
=655  \7$aModelled data.$2local
=655  \7$aMonitoring data.$2local
=655  \7$aReference data.$2local
=690  7\$aResearch Datasets Collection$2blcoll
=710  1\$aCanada.$bDepartment of Fisheries and Oceans.
=856  40$uhttp://www-sci.pac.dfo-mpo.gc.ca/osap/data/SearchTools/rangeprofiles_e.htm$yResearch Datasets Collection
=859  \\$aXLD$bdatasets
=985  \\$aRecord amended for WR# 13/070
=CAT  \\$aRESDATASET$b00$c20110825$lBLL01$h1145
=CAT  \\$a7332$b40$c20111018$lBLL01$h1129
=CAT  \\$a7332$b40$c20111018$lBLL01$h1325
=CAT  \\$aBATCH-UPD$b40$c20120821$lBLL01$h1643
=CAT  \\$aBATCH-UPD$b40$c20121018$lBLL01$h1009
=CAT  \\$a7332$b40$c20130319$lBLL01$h0900
=CAT  \\$aWR13_070$b00$c20130504$lBLL01$h0333
=CAT  \\$aWR13.117$c20130718$lBLL01$h1857
=CAT  \\$aW1606-1753$c20171028$lBLL01$h1342
=FIN  \\$aY$d20111018
=FMT  \\$a  SE
=LAS  \\$aW1606-1753$b00$c20171028$lBLL01$h1342
=SRC  \\$aBLDatasets$bstm_datasets_20110825_mrc.xml
=STA  \\$aSUPPRESSED$bDataset no longer available
=TCO  \\$aZZZ$c008

