=LDR  02745 ai a2200673 a 4500
=001  015876725
=003  Uk
=005  20131017081432.0
=006  m\\\\\\\\m\|\\\\\\
=007  cr\|||||||||||
=008  110825c200u9999xxcuu\d\o\\\\\0\\\a2eng\\
=024  7\$astm20100211w$2local
=040  \\$aUk$beng$cUk
=041  0\$aeng$afre
=042  \\$aukblsr
=082  04$a551.461434$223
=245  00$aFerry data$h[electronic resource].
=246  1\$iFrench interface title:$aDonnées
=260  \\$aOttawa :$bFisheries and Oceans Canada
=336  \\$atext$2rdacontent
=337  \\$acomputer$2rdamedia
=338  \\$aonline resource$2rdacarrier
=500  \\$aTitle from home page (viewed on Nov. 9, 2011).
=506  \\$aData are free to access.
=516  \\$atext/plain; text/html.
=518  \\$a2002/03/26 - 2006/09/12.
=520  \\$aFerry data provides daily measurements of sea surface temperature, chlorophyll and salinity gathered from sensors on commercial ferries sailing in the waters of British Columbia. Some records also provide conductivity data. Data of interest can be identified by date and downloaded as plain text.
=538  \\$aMode of access: World Wide Web.
=540  \\$aNot stated.
=546  \\$aInterface in English and French.
=584  \\$aData are collected from instruments on BC Ferries.
=584  \\$aAccepting data submissions: No.
=650  \0$aChlorophyll$zPacific Coast (B.C.)$vDatabases.
=650  \0$aOcean temperature$zPacific Coast (B.C.)$vDatabases.
=650  \0$aOceanography$zPacific Coast (B.C.)$vDatabases.
=650  \0$aSalinity$zPacific Coast (B.C.)$vDatabases.
=653  2\$aLiving With Environmental Change
=655  \7$aDataset.$2local
=655  \7$aMonitoring data.$2local
=655  \7$aReference data.$2local
=690  7\$aResearch Datasets Collection$2blcoll
=710  1\$aCanada.$bDepartment of Fisheries and Oceans.
=856  40$uhttp://www.pac.dfo-mpo.gc.ca/science/oceans/bcferries-traversierCB/data-donnees-eng.htm#DailyData$yResearch Datasets Collection
=859  \\$aXLD$bdatasets
=985  \\$aRecord amended for WR# 13/070
=CAT  \\$aRESDATASET$b00$c20110825$lBLL01$h1145
=CAT  \\$a7332$b40$c20111109$lBLL01$h1335
=CAT  \\$aBATCH-UPD$b40$c20120821$lBLL01$h1643
=CAT  \\$aBATCH-UPD$b40$c20121018$lBLL01$h1009
=CAT  \\$aWR13_070$b00$c20130504$lBLL01$h0333
=CAT  \\$aWR13.117$c20130718$lBLL01$h1857
=CAT  \\$a7332$b40$c20131017$lBLL01$h0814
=CAT  \\$aW1606-1753$c20171028$lBLL01$h1342
=FIN  \\$aY$d20111109
=FMT  \\$a  SE
=LAS  \\$aW1606-1753$b00$c20171028$lBLL01$h1342
=SRC  \\$aBLDatasets$bstm_datasets_20110825_mrc.xml
=STA  \\$aSUPPRESSED$bDataset no longer available
=TCO  \\$aZZZ$c008

