=LDR  02637 ai a2200649 a 4500
=001  015876770
=003  Uk
=005  20131101072632.0
=006  m\\\\\\\\m\|\\\\\\
=007  cr\|||||||||||
=008  110825c20029999xxuuu\d\o\s\\\0\\\a2eng\\
=024  7\$astm20100308b$2local
=040  \\$aUk$beng$cUk
=042  \\$aukblsr
=082  04$a621.042$223
=245  00$aPower technologies energy data book$h[electronic resource].
=260  \\$aGolden :$bNational Renewable Energy Laboratory
=336  \\$atext$2rdacontent
=337  \\$acomputer$2rdamedia
=338  \\$aonline resource$2rdacarrier
=500  \\$aTitle from home page (viewed on Jan. 24, 2012).
=506  \\$aData are free to access.
=516  \\$aapplication/msexcel.
=520  \\$aProvides market, generation, and capacity data for biomass, geothermal, solar, wind and photovoltaic energy, projections of renewables' capacity, generation and CO2 emissions. These data were published in 2006, and have not been updated.
=538  \\$aMode of access: World Wide Web.
=540  \\$aNot stated.
=584  \\$aData are collected by departments within the DoE.
=584  \\$aAccepting data submissions: No.
=650  \0$aElectric industries$xDeregulation$zUnited States.
=650  \0$aElectric power production$vStatistics.
=650  \0$aEnergy policy$zUnited States$vStatistics.
=650  \0$aPower resources$vPrices.
=650  \0$aRenewable energy sources$vHandbooks, manuals, etc.
=653  2\$aLiving With Environmental Change
=655  \7$aDataset.$2local
=655  \7$aExperimental data.$2local
=655  \7$aReference data.$2local
=690  7\$aResearch Datasets Collection$2blcoll
=710  1\$aUnited States.$bDepartment of Energy.$bOffice of Energy Efficiency and Renewable Energy.
=710  2\$aNational Renewable Energy Laboratory (U.S.)
=856  40$uhttp://www.nrel.gov/analysis/power_databook/$yResearch Datasets Collection
=859  \\$aXLD$bdatasets
=985  \\$aRecord amended for WR# 13/070
=CAT  \\$aRESDATASET$b00$c20110825$lBLL01$h1145
=CAT  \\$a7332$b40$c20120124$lBLL01$h1415
=CAT  \\$aBATCH-UPD$b40$c20120821$lBLL01$h1643
=CAT  \\$aBATCH-UPD$b40$c20121018$lBLL01$h1009
=CAT  \\$aWR13_070$b00$c20130504$lBLL01$h0333
=CAT  \\$aWR13.117$c20130718$lBLL01$h1857
=CAT  \\$a7332$b40$c20131101$lBLL01$h0726
=CAT  \\$aW1606-1753$c20171028$lBLL01$h1342
=FIN  \\$aY$d20120124
=FMT  \\$a  SE
=LAS  \\$aW1606-1753$b00$c20171028$lBLL01$h1342
=SRC  \\$aBLDatasets$bstm_datasets_20110825_mrc.xml
=STA  \\$aSUPPRESSED$bDataset no longer available
=TCO  \\$aZZZ$c008

