=LDR  02830 ai a2200673 a 4500
=001  015876776
=003  Uk
=005  20141003085301.0
=006  m\\\\\\\\m\|\\\\\\
=007  cr\|||||||||||
=008  110825c200u9999xxuuu\d\o\\\\\0\\\a2eng\\
=024  7\$astm20100310f$2local
=040  \\$aUk$beng$cUk
=042  \\$aukblsr
=082  04$a363.7392$223
=245  00$aFree air carbon dioxide enrichment data management system$h[electronic resource].
=246  3\$aFACE data management system
=260  \\$aOak Ridge :$bOak Ridge National Laboratory
=336  \\$atext$2rdacontent
=337  \\$acomputer$2rdamedia
=338  \\$aonline resource$2rdacarrier
=500  \\$aTitle from home page (viewed on Dec. 3, 2011).
=506  \\$aData are free to access.
=516  \\$atext/csv; text/html; application/msexcel.
=520  \\$aProvides data for FACE experiments at 4 sites (Rhinelander, Wisconsin; Duke Forest; Nevada Desert and Oak Ridge Tennessee) in the United States. CO2, weather, plant response (annual productivity and nitrogen uptake) and soil (moisture and temperature) data are available for each site, allowing for the estimation of plant response to future atmospheric CO2 conditions.
=538  \\$aMode of access: World Wide Web.
=540  \\$aPublic Domain.
=584  \\$aData are collected by project researchers.
=584  \\$aAccepting data submissions: No.
=650  \0$aAtmospheric carbon dioxide$vDatabases.
=650  \0$aGreenhouse effect, Atmospheric$vDatabases.
=650  \0$aPlants$xEffect of atmospheric carbon dioxide on$vDatabases.
=650  \0$aSoil physics$vDatabases.
=653  2\$aLiving With Environmental Change
=655  \7$aDataset.$2local
=655  \7$aExperimental data.$2local
=655  \7$aMonitoring data.$2local
=655  \7$aReference data.$2local
=690  7\$aResearch Datasets Collection$2blcoll
=710  1\$aUnited States.$bDepartment of Energy.
=710  2\$aCarbon Dioxide Information Analysis Center (U.S.)
=856  40$uhttp://public.ornl.gov/face/index.shtml$yResearch Datasets Collection
=859  \\$aXLD$bdatasets
=985  \\$aRecord amended for WR# 13/070
=CAT  \\$aRESDATASET$b00$c20110825$lBLL01$h1145
=CAT  \\$a7332$b40$c20111203$lBLL01$h1148
=CAT  \\$a7332$b40$c20111203$lBLL01$h1154
=CAT  \\$aBATCH-UPD$b40$c20120821$lBLL01$h1643
=CAT  \\$aBATCH-UPD$b40$c20121018$lBLL01$h1010
=CAT  \\$aWR13_070$b00$c20130504$lBLL01$h0333
=CAT  \\$aWR13.117$c20130718$lBLL01$h1857
=CAT  \\$a7332$b40$c20141003$lBLL01$h0853
=CAT  \\$aW1606-1753$c20171028$lBLL01$h1342
=FIN  \\$aY$d20111203
=FMT  \\$a  SE
=LAS  \\$aW1606-1753$b00$c20171028$lBLL01$h1342
=SRC  \\$aBLDatasets$bstm_datasets_20110825_mrc.xml
=STA  \\$aSUPPRESSED$bDataset no longer available
=TCO  \\$aZZZ$c008

