=LDR  02716 ai a2200637 a 4500
=001  015876786
=003  Uk
=005  20121031110039.0
=006  m\\\\\\\\m\|\\\\\\
=007  cr\|||||||||||
=008  110825c200u9999nz\uu\d\o\\\\\0\\\a2eng\\
=024  7\$astm20100705b$2local
=040  \\$aUk$beng$cUk
=042  \\$aukblsr
=082  04$a333.9528160993$223
=245  00$aFreshwater biodata information system$h[electronic resource].
=246  3\$aFBIS
=260  \\$a[Wellington, N.Z.] :$bNational Institute of Water & Atmospheric Research
=336  \\$atext$2rdacontent
=337  \\$acomputer$2rdamedia
=338  \\$aonline resource$2rdacarrier
=500  \\$aTitle from home page (viewed on Nov. 26, 2011).
=506  \\$aData are free to access.
=516  \\$atext/csv.
=520  \\$aFBIS provides data on site-specific observations of freshwater species in New Zealand. Parameters include location coordinates, method of sampling, and physical information on the location. The results of simple text searches across data can be viewed on a map to refine the data further to specific observations. Data can be downloaded in CSV format, but where a query returns more than 1000 results, users will need to register to download all results.
=522  \\$aNew Zealand.
=538  \\$aMode of access: World Wide Web.
=540  \\$aNot stated.
=584  \\$aData are submitted to FIBS by researchers.
=584  \\$aAccepting data submissions: Yes.
=650  \0$aFreshwater animals$zNew Zealand$vDatabases.
=650  \0$aFreshwater plants$zNew Zealand$vDatabases.
=650  \0$aFreshwater biodiversity$zNew Zealand$vDatabases.
=653  2\$aLiving With Environmental Change
=655  \7$aDataset.$2local
=655  \7$aObservational data.$2local
=655  \7$aMonitoring data.$2local
=655  \7$aReference data.$2local
=690  7\$aResearch Datasets Collection$2blcoll
=710  2\$aNational Institute of Water and Atmospheric Research (N.Z.)
=856  40$uhttps://secure.niwa.co.nz/fbis/index.do$yResearch Datasets Collection
=859  \\$aXLD$bdatasets
=CAT  \\$aRESDATASET$b00$c20110825$lBLL01$h1145
=CAT  \\$a7332$b40$c20111126$lBLL01$h0626
=CAT  \\$aBATCH-UPD$b40$c20120821$lBLL01$h1643
=CAT  \\$aBATCH-UPD$b40$c20121018$lBLL01$h1010
=CAT  \\$a7332$b40$c20121023$lBLL01$h1526
=CAT  \\$a7332$b40$c20121031$lBLL01$h1100
=CAT  \\$aWR13.117$c20130718$lBLL01$h1857
=CAT  \\$aW1606-1753$c20171028$lBLL01$h1342
=FIN  \\$aY$d20111126
=FMT  \\$a  SE
=LAS  \\$aW1606-1753$b00$c20171028$lBLL01$h1342
=SRC  \\$aBLDatasets$bstm_datasets_20110825_mrc.xml
=STA  \\$aSUPPRESSED$bDataset no longer available
=TCO  \\$aZZZ$c008

