=LDR  02979 ai a2200625 a 4500
=001  015876789
=003  Uk
=005  20130425083919.0
=006  m\\\\\\\\m\|\\\\\\
=007  cr\|||||||||||
=008  110825c200u9999nz\uu\d\o\\\\\0\\\a2eng\\
=024  7\$astm20100310l$2local
=040  \\$aUk$beng$cUk$dUk
=042  \\$aukblsr
=082  04$a551.6072093$223
=245  00$aEnvironmental data explorer New Zealand$h[electronic resource].
=260  \\$a[Wellington, N.Z.] :$bNational Institute of Water & Atmospheric Research
=336  \\$atext$2rdacontent
=337  \\$acomputer$2rdamedia
=338  \\$aonline resource$2rdacarrier
=500  \\$aTitle from home page (viewed on Nov. 26, 2011).
=506  \\$aRegistration is required for some of the data.
=516  \\$atext/csv; image/bmp.
=520  \\$aProvides river flow, air quality, sea level and climate data from a network of automated sensors across New Zealand to provide information on New Zealand's climate and water resources. Parameters include air temperature, barometric pressure, wind direction, rainfall, lake and river water levels, river flows and sediment loads, and river water quality variables. Un-validated real-time data are available as plotted data, users must register to download validated archived data or view a plot of archive data.
=522  \\$aNew Zealand.
=538  \\$aMode of access: World Wide Web.
=540  \\$aAll proprietary rights (including all intellectual property rights) in, or associated with the Data are, and shall remain, vested solely in NIWA (or any other relevant third party who has contributed data for which NIWA acts as custodian).
=584  \\$aData are generated by NIWA.
=584  \\$aAccepting data submissions: No.
=650  \0$aStream measurements$zNew Zealand$vDatabases.
=650  \0$aSea level$zNew Zealand$vDatabases.
=650  \0$aClimatology$xResearch$zNew Zealand$vDatabases.
=650  \0$aAir quality$zNew Zealand$vDatabases.
=653  2\$aLiving With Environmental Change
=655  \7$aDataset.$2local
=655  \7$aLongitudinal data.$2local
=655  \7$aMonitoring data.$2local
=655  \7$aReference data.$2local
=690  7\$aResearch Datasets Collection$2blcoll
=710  2\$aNational Institute of Water and Atmospheric Research (N.Z.)
=856  40$uhttp://edenz.niwa.co.nz/$yResearch Datasets Collection
=859  \\$aXLD$bdatasets
=CAT  \\$aRESDATASET$b00$c20110825$lBLL01$h1145
=CAT  \\$a7332$b40$c20111126$lBLL01$h0650
=CAT  \\$aBATCH-UPD$b40$c20120821$lBLL01$h1643
=CAT  \\$aBATCH-UPD$b40$c20121018$lBLL01$h1010
=CAT  \\$a7332$b40$c20130425$lBLL01$h0839
=CAT  \\$aWR13.117$c20130718$lBLL01$h1857
=CAT  \\$aW1606-1753$c20171028$lBLL01$h1342
=FIN  \\$aY$d20111126
=FMT  \\$a  SE
=LAS  \\$aW1606-1753$b00$c20171028$lBLL01$h1342
=SRC  \\$aBLDatasets$bstm_datasets_20110825_mrc.xml
=STA  \\$aSUPPRESSED$bDataset no longer available
=TCO  \\$aZZZ$c008

