=LDR  02692 ai a2200589 a 4500
=001  015876799
=003  Uk
=005  20121220080611.0
=006  m\\\\\\\\m\|\\\\\\
=007  cr\|||||||||||
=008  110825c200u9999xxuuu\d\o\\\\\0\\\a2eng\\
=024  7\$astm20100312b$2local
=040  \\$aUk$beng$cUk
=042  \\$aukblsr
=082  04$a551.5271$223
=245  00$aSolar resource information$h[electronic resource].
=246  3\$aSWERA solar resource information
=260  \\$aSioux Falls :$bUNEP/GRID-Sioux Falls
=336  \\$atext$2rdacontent
=337  \\$acomputer$2rdamedia
=338  \\$aonline resource$2rdacarrier
=500  \\$aTitle from HTML header (viewed on Sept. 20, 2011).
=506  \\$aUsers must register to access data.
=516  \\$ashapefile.
=520  \\$aProvides data on the solar resources available at potential sites for solar energy plant development. Solar resource maps visualise the energy available within mapped areas and solar data sets provide data for comparison of energy at different sites across regions and estimation of the size of development needed to generate required electricity at a location. The solar datasets include data from horizontal and tilted flat-plate collectors, concentrating solar collectors and diffuse data. These are only available as GIS data, but in standard ESRI Shapefile and image formats.
=538  \\$aMode of access: World Wide Web.
=540  \\$aNot stated.
=584  \\$aAccepting data submissions: No.
=650  \0$aSolar radiation$vObservations$vDatabases.
=650  \0$aSolar power plants$xLocation.
=653  2\$aLiving With Environmental Change
=655  \7$aDataset.$2local
=655  \7$aReference data.$2local
=655  \7$aMonitoring data.$2local
=690  7\$aResearch Datasets Collection$2blcoll
=710  2\$aGlobal Resource Information Database.$bUNEP/GRID Sioux Falls.
=710  2\$aUnited Nations Environment Programme.$bSolar and Wind Energy Resource Assessment Project.
=856  40$uhttp://swera.unep.net/index.php?id=solar&no_cache=1$yResearch Datasets Collection
=859  \\$aXLD$bdatasets
=CAT  \\$aRESDATASET$b00$c20110825$lBLL01$h1145
=CAT  \\$a7332$b40$c20110920$lBLL01$h1414
=CAT  \\$aBATCH-UPD$b40$c20120821$lBLL01$h1643
=CAT  \\$aBATCH-UPD$b40$c20121018$lBLL01$h1009
=CAT  \\$a7332$b40$c20121220$lBLL01$h0806
=CAT  \\$aWR13.117$c20130718$lBLL01$h1857
=CAT  \\$aW1606-1753$c20171028$lBLL01$h1342
=FIN  \\$aY$d20110920
=FMT  \\$a  SE
=LAS  \\$aW1606-1753$b00$c20171028$lBLL01$h1342
=SRC  \\$aBLDatasets$bstm_datasets_20110825_mrc.xml
=STA  \\$aSUPPRESSED$bDataset no longer available
=TCO  \\$aZZZ$c008

