=LDR  02313 ai a2200601 a 4500
=001  015876813
=003  Uk
=005  20121220080837.0
=006  m\\\\\\\\m\|\\\\\\
=007  cr\|||||||||||
=008  110825c200u9999xxuuu\d\o\\\\\0\\\a2eng\\
=024  7\$astm20100427b$2local
=040  \\$aUk$beng$cUk
=042  \\$aukblsr
=082  04$a551.5112$223
=245  00$aTotal ozone mapping spectrometer.$pData product: ozone$h[electronic resource].
=246  3\$aData product: ozone
=260  \\$aGreenbelt :$bGoddard Space Flight Center
=336  \\$atext$2rdacontent
=337  \\$acomputer$2rdamedia
=338  \\$aonline resource$2rdacarrier
=500  \\$aTitle from home page (viewed on Dec. 30, 2011).
=506  \\$aData are free to access.
=516  \\$atext/plain; image/png.
=520  \\$aProvides daily ozone data from the TOMS instrument aboard 4 different satellite missions each covering different time periods from 1978 to the present. Data can be downloaded in ASCII files or as global or polar coverage images.
=538  \\$aMode of access: World Wide Web.
=540  \\$aPublic Domain.
=584  \\$aData are collected by GSFC.
=650  \0$aAtmospheric ozone$xMeasurement$vDatabases.
=650  \0$aAtmospheric ozone$xResearch$vDatabases.
=653  2\$aLiving With Environmental Change
=655  \7$aDataset.$2local
=655  \7$aObservational data.$2local
=655  \7$aMonitoring data.$2local
=655  \7$aReference data.$2local
=690  7\$aResearch Datasets Collection$2blcoll
=710  2\$aGoddard Space Flight Center.
=856  40$uhttp://toms.gsfc.nasa.gov/ozone/ozone_v8.html$yResearch Datasets Collection
=859  \\$aXLD$bdatasets
=CAT  \\$aRESDATASET$b00$c20110825$lBLL01$h1145
=CAT  \\$a7332$b40$c20111230$lBLL01$h1103
=CAT  \\$a7332$b40$c20111230$lBLL01$h1400
=CAT  \\$aBATCH-UPD$b40$c20120821$lBLL01$h1643
=CAT  \\$aBATCH-UPD$b40$c20121018$lBLL01$h1009
=CAT  \\$a7332$b40$c20121220$lBLL01$h0808
=CAT  \\$aWR13.117$c20130718$lBLL01$h1857
=CAT  \\$aW1606-1753$c20171028$lBLL01$h1342
=FIN  \\$aY$d20111230
=FMT  \\$a  SE
=LAS  \\$aW1606-1753$b00$c20171028$lBLL01$h1342
=SRC  \\$aBLDatasets$bstm_datasets_20110825_mrc.xml
=STA  \\$aSUPPRESSED$bDataset no longer available
=TCO  \\$aZZZ$c008

