=LDR  02427 ai a2200613 a 4500
=001  015876824
=003  Uk
=005  20160510075011.0
=006  m\\\\\\\\m\|\\\\\\
=007  cr\|||||||||||
=008  110825c200u9999ja\uu\d\o\\\\\0\\\a2eng\\
=024  7\$astm20100630a$2local
=040  \\$aUk$beng$cUk
=042  \\$aukblsr
=082  04$a592.1776$223
=245  00$aCensus of marine zooplankton.$pAsia database$h[electronic resource].
=246  3\$aCMarZ Asia
=260  \\$aChiba :$bAtmosphere and Ocean Research Institute, University of Tokyo
=336  \\$atext$2rdacontent
=337  \\$acomputer$2rdamedia
=338  \\$aonline resource$2rdacarrier
=500  \\$aTitle from home page (viewed on Nov. 26, 2011).
=506  \\$aData are free to access.
=516  \\$aapplication/msexcel.
=520  \\$aCMarZ provides zooplankton sampling, species and mitochondrial sequence (mitochondrial cytochrome c oxidase subunit I, mtCO1) data that can be downloaded in full or searched using BLAST, species name or by the position and date of sample.
=538  \\$aMode of access: World Wide Web.
=540  \\$aThe data are the intellectual property of the collecting investigator(s).
=584  \\$aData were collected by the CMarZ creators.
=584  \\$aAccepting data submissions: No.
=650  \0$aMarine zooplankton$vDatabases.
=650  \0$aZoological surveys.
=653  2\$aLiving With Environmental Change
=655  \7$aDataset.$2local
=655  \7$aReference data.$2local
=655  \7$aObservational data.$2local
=690  7\$aResearch Datasets Collection$2blcoll
=710  2\$aTōkyō Daigaku.$bTaiki Kaiyō Kenkyūjo.
=856  40$uhttp://cmarz-asia.org/db/$yResearch Datasets Collection
=859  \\$aXLD$bdatasets
=CAT  \\$aRESDATASET$b00$c20110825$lBLL01$h1145
=CAT  \\$a7332$b40$c20111126$lBLL01$h1506
=CAT  \\$a7332$b40$c20111129$lBLL01$h1458
=CAT  \\$a12179$b40$c20120601$lBLL01$h1508
=CAT  \\$aBATCH-UPD$b40$c20120821$lBLL01$h1643
=CAT  \\$aBATCH-UPD$b40$c20121018$lBLL01$h1010
=CAT  \\$aWR13.117$c20130718$lBLL01$h1857
=CAT  \\$a7332$b40$c20160510$lBLL01$h0750
=CAT  \\$aW1606-1753$c20171028$lBLL01$h1342
=FIN  \\$aY$d20111126
=FMT  \\$a  SE
=LAS  \\$aW1606-1753$b00$c20171028$lBLL01$h1342
=SRC  \\$aBLDatasets$bstm_datasets_20110825_mrc.xml
=STA  \\$aSUPPRESSED$bDataset no longer available
=TCO  \\$aZZZ$c008

