=LDR  02684 ai a2200601 a 4500
=001  015876849
=003  Uk
=005  20121031110117.0
=006  m\\\\\\\\m\|\\\\\\
=007  cr\|||||||||||
=008  110825c200u9999xxuuu\d\o\\\\\0\\\a2eng\\
=024  7\$astm20100714a$2local
=040  \\$aUk$beng$cUk
=042  \\$aukblsr
=082  04$a577$223
=245  00$aEarthTrends$h[electronic resource] :$bthe environmental information portal.
=246  3\$aEarth trends
=260  \\$aWashington, D.C. :$bWorld Resources Institute
=336  \\$atext$2rdacontent
=337  \\$acomputer$2rdamedia
=338  \\$aonline resource$2rdacarrier
=500  \\$aTitle from home page (viewed on Nov. 25, 2011).
=506  \\$aUsers must register to access data.
=516  \\$aapplication/pdf.
=520  \\$aData tables from EarthTrends are only available in PDF format. In some cases the original source of the data is given, where it may be available in another format. Users can access 3 data tables per week without the need to register. Registration enables users unlimited views of data. Available data covers: marine ecosystems; water resources and freshwater ecosystems; climate and atmosphere; pollution and health; environmental economics; energy; biodiversity and protected areas; agriculture and food and forests, grasslands and drylands.
=538  \\$aMode of access: World Wide Web.
=540  \\$aA version of Creative Commons (CC-BY-SA).
=584  \\$aData are collated by the World Resources Institute.
=584  \\$aAccepting data submissions: No.
=650  \0$aEnvironmental sciences$xResearch$vDatabases.
=650  \0$aGlobal environmental change$vDatabases.
=653  2\$aLiving With Environmental Change
=655  \7$aDataset.$2local
=655  \7$aMonitoring data.$2local
=655  \7$aReference data.$2local
=690  7\$aResearch Datasets Collection$2blcoll
=710  2\$aWorld Resources Institute.
=856  40$uhttp://earthtrends.wri.org/select_action.php?tool=2$yResearch Datasets Collection
=859  \\$aXLD$bdatasets
=CAT  \\$aRESDATASET$b00$c20110825$lBLL01$h1145
=CAT  \\$a7332$b40$c20111125$lBLL01$h1330
=CAT  \\$aBATCH-UPD$b40$c20120821$lBLL01$h1643
=CAT  \\$aBATCH-UPD$b40$c20121018$lBLL01$h1010
=CAT  \\$a7332$b40$c20121024$lBLL01$h1409
=CAT  \\$a7332$b40$c20121031$lBLL01$h1101
=CAT  \\$aWR13.117$c20130718$lBLL01$h1857
=CAT  \\$aW1606-1753$c20171028$lBLL01$h1342
=FIN  \\$aY$d20111125
=FMT  \\$a  SE
=LAS  \\$aW1606-1753$b00$c20171028$lBLL01$h1342
=SRC  \\$aBLDatasets$bstm_datasets_20110825_mrc.xml
=STA  \\$aSUPPRESSED$bDataset no longer available
=TCO  \\$aZZZ$c008

