=LDR  02324 ai a2200613 a 4500
=001  015876853
=003  Uk
=005  20140212101019.0
=006  m\\\\\\\\m\|\\\\\\
=007  cr\|||||||||||
=008  110825c200u9999xxuuu\d\o\\\\\0\\\a2eng\\
=024  7\$astm20100816h$2local
=040  \\$aUk$beng$cUk
=042  \\$aukblsr
=082  04$a551.57843$223
=245  00$aSnow course data$h[electronic resource].
=260  \\$aPortland :$bNatural Resources Conservation Service
=336  \\$atext$2rdacontent
=337  \\$acomputer$2rdamedia
=338  \\$aonline resource$2rdacarrier
=500  \\$aTitle from home page (viewed on Oct. 21, 2011).
=506  \\$aData are free to access.
=516  \\$atext/html; text/plain.
=520  \\$aHistorical snow course data for 15 U.S. states. Snow courses are permanent sites of snow depth and snow water equivalent measurements. Snow pack products also provide precipitation data for each site.
=522  \\$aUnited States.
=538  \\$aMode of access: World Wide Web.
=540  \\$aNot stated.
=584  \\$aData are collected by the NRCS.
=584  \\$aAccepting data submissions: No.
=650  \0$aSnow surveys$zUnited States$vDatabases.
=650  \0$aSnow$zUnited States$vDatabases.
=653  2\$aLiving With Environmental Change
=655  \7$aDataset.$2local
=655  \7$aLongitudinal data.$2local
=655  \7$aObservational data.$2local
=655  \7$aReference data.$2local
=690  7\$aResearch Datasets Collection$2blcoll
=710  1\$aUnited States.$bNatural Resources Conservation Service.
=710  2\$aNational Water and Climate Center (U.S.)
=856  40$uhttp://www.wcc.nrcs.usda.gov/snowcourse/$yResearch Datasets Collection
=859  \\$aXLD$bdatasets
=CAT  \\$aRESDATASET$b00$c20110825$lBLL01$h1145
=CAT  \\$a7332$b40$c20111021$lBLL01$h1335
=CAT  \\$aBATCH-UPD$b40$c20120821$lBLL01$h1643
=CAT  \\$aBATCH-UPD$b40$c20121018$lBLL01$h1010
=CAT  \\$aWR13.117$c20130718$lBLL01$h1857
=CAT  \\$a7332$b40$c20140212$lBLL01$h1010
=CAT  \\$aW1606-1753$c20171028$lBLL01$h1342
=FIN  \\$aY$d20111021
=FMT  \\$a  SE
=LAS  \\$aW1606-1753$b00$c20171028$lBLL01$h1342
=SRC  \\$aBLDatasets$bstm_datasets_20110825_mrc.xml
=STA  \\$aSUPPRESSED$bDataset no longer available
=TCO  \\$aZZZ$c008

