=LDR  02525 ai a2200625 a 4500
=001  015876856
=003  Uk
=005  20140212101107.0
=006  m\\\\\\\\m\|\\\\\\
=007  cr\|||||||||||
=008  110825c200u9999xxuuu\d\o\\\\\0\\\a2eng\\
=024  7\$astm20100816u$2local
=040  \\$aUk$beng$cUk
=042  \\$aukblsr
=082  04$a551.5180973$223
=245  00$aWind data for the U.S.$h[electronic resource].
=260  \\$aPortland, Or. :$bNatural Resources Conservation Service
=336  \\$atext$2rdacontent
=337  \\$acomputer$2rdamedia
=338  \\$aonline resource$2rdacarrier
=500  \\$aTitle from home page (viewed on Sept. 7, 2011).
=506  \\$aData are free to access.
=516  \\$atext/plain; application/msexcel; image/gif; image/x-emf.
=520  \\$aWind rose data are available as plots showing the distribution of wind speed and direction. These are available from FTP by state, station and month. Wind statistics are given for stations, data given are average wind speed and maximum wind speed and the dates that data are calculated from.
=522  \\$aUnited States.
=538  \\$aMode of access: World Wide Web.
=540  \\$aNot stated.
=584  \\$aData are collected by NRCS.
=584  \\$aAccepting data submissions: No.
=650  \0$aWinds$zUnited States$vDatabases.
=650  \0$aWinds$zUnited States$vObservations$vDatabases.
=653  2\$aLiving With Environmental Change
=655  \7$aDataset.$2local
=655  \7$aLongitudinal data.$2local
=655  \7$aObservational data.$2local
=655  \7$aReference data.$2local
=690  7\$aResearch Datasets Collection$2blcoll
=710  1\$aUnited States.$bNatural Resources Conservation Service.
=710  2\$aNational Water and Climate Center (U.S.)
=856  40$uhttp://www.wcc.nrcs.usda.gov/climate/wind-data.html$yResearch Datasets Collection
=859  \\$aXLD$bdatasets
=CAT  \\$aRESDATASET$b00$c20110825$lBLL01$h1145
=CAT  \\$a7332$b40$c20110907$lBLL01$h1531
=CAT  \\$a7332$b40$c20110920$lBLL01$h0728
=CAT  \\$aBATCH-UPD$b40$c20120821$lBLL01$h1643
=CAT  \\$aBATCH-UPD$b40$c20121018$lBLL01$h1010
=CAT  \\$aWR13.117$c20130718$lBLL01$h1857
=CAT  \\$a7332$b40$c20140212$lBLL01$h1011
=CAT  \\$aW1606-1753$c20171028$lBLL01$h1342
=FIN  \\$aY$d20110907
=FMT  \\$a  SE
=LAS  \\$aW1606-1753$b00$c20171028$lBLL01$h1342
=SRC  \\$aBLDatasets$bstm_datasets_20110825_mrc.xml
=STA  \\$aSUPPRESSED$bDataset no longer available
=TCO  \\$aZZZ$c008

