=LDR  02021 ai a2200577 a 4500
=001  015876863
=003  Uk
=005  20131017080910.0
=006  m\\\\\\\\m\|\\\\\\
=007  cr\|||||||||||
=008  110825c200u9999it\uu\d\o\\\\\0\\\a2eng\\
=024  7\$astm20110114a$2local
=040  \\$aUk$beng$cUk
=042  \\$aukblsr
=082  04$a363.728493$223
=245  00$aWastewater database$h[electronic resource].
=260  \\$a[Rome] :$bFAO
=336  \\$atext$2rdacontent
=337  \\$acomputer$2rdamedia
=338  \\$aonline resource$2rdacarrier
=500  \\$aTitle from home page (viewed on Feb. 1, 2012).
=506  \\$aData are free to access.
=538  \\$aMode of access: World Wide Web.
=540  \\$aNot stated.
=584  \\$aAccepting data submissions: no.
=650  \0$aSewage$vDatabases.
=650  \0$aSewage$xPurification$vDatabases.
=650  \0$aSewage$xPurification$xEconomic aspects$vDatabases.
=653  2\$aFlooding
=655  \7$aDataset.$2local
=655  \7$aStatistics.$2local
=655  \7$aMonitoring data.$2local
=655  \7$aReference data.$2local
=690  7\$aResearch Datasets Collection$2blcoll
=710  2\$aFood and Agriculture Organization of the United Nations.$bWater Development and Management Unit.
=856  40$uhttp://www.fao.org/nr/water/infores_databases_wastewater.html$yResearch Datasets Collection
=859  \\$aXLD$bdatasets
=CAT  \\$aRESDATASET$b00$c20110825$lBLL01$h1145
=CAT  \\$a7332$b40$c20120201$lBLL01$h1335
=CAT  \\$a7332$b40$c20120228$lBLL01$h1031
=CAT  \\$aBATCH-UPD$b40$c20120821$lBLL01$h1643
=CAT  \\$aBATCH-UPD$b40$c20121018$lBLL01$h1009
=CAT  \\$aWR13.117$c20130718$lBLL01$h1857
=CAT  \\$a7332$b40$c20131017$lBLL01$h0809
=CAT  \\$aW1606-1753$c20171028$lBLL01$h1342
=FIN  \\$aY$d20120201
=FMT  \\$a  SE
=LAS  \\$aW1606-1753$b00$c20171028$lBLL01$h1342
=SRC  \\$aBLDatasets$bstm_datasets_20110825_mrc.xml
=STA  \\$aSUPPRESSED$bDataset no longer available
=TCO  \\$aZZZ$c008

