=LDR  02801 ai a2200721 a 4500
=001  015876868
=003  Uk
=005  20160510075046.0
=006  m\\\\\\\\m\|\\\\\\
=007  cr\|||||||||||
=008  110825c200u9999fi\uu\d\o\\\\\0\\\a2eng\\
=024  7\$astm20100719a$2local
=040  \\$aUk$beng$cUk
=041  0\$aeng$afin$aswe
=042  \\$aukblsr
=082  04$a551.461334$223
=245  04$aThe Baltic Sea portal$h[electronic resource].
=246  1\$iFinnish interface title:$aItämeriportaali
=246  1\$iSwedish interface title:$aÖstersjöportalen
=260  \\$a[Helsinki] :$bBaltic Sea Portal
=336  \\$atext$2rdacontent
=337  \\$acomputer$2rdamedia
=338  \\$aonline resource$2rdacarrier
=500  \\$aTitle from home page (viewed on Dec. 9, 2011).
=506  \\$aData are free to access.
=516  \\$atext/plain.
=520  \\$aAlgaline provides data on nutrient, phytoplankton, oxygen, salinity and temperature levels from ship tracks through the Baltic Sea. Data can be queried by date and measured parameter. Data are given as graphs with visualisation of the ship's track.
=522  \\$aBaltic Sea.
=538  \\$aMode of access: World Wide Web.
=540  \\$aNot stated.
=546  \\$aInterface in English, Finnish and Swedish.
=584  \\$aData are collected by Algaline.
=650  \0$aMarine ecology$zBaltic Sea$vDatabases.
=650  \0$aWater chemistry$zBaltic Sea$vDatabases.
=650  \0$aSalinity$zBaltic Sea$vDatabases.
=650  \0$aOcean temperature$zBaltic Sea$vDatabases.
=653  2\$aLiving With Environmental Change
=655  \7$aDataset.$2local
=655  \7$aObservational data.$2local
=655  \7$aMonitoring data.$2local
=655  \7$aReference data.$2local
=690  7\$aResearch Datasets Collection$2blcoll
=710  1\$aFinland.$bYmpäristöministeriö.
=710  2\$aSuomen ympäristökeskus.
=710  2\$aIlmatieteen laitos (Finland)
=710  2\$aAlgaline (Project)
=856  40$uhttp://www.itameriportaali.fi/en/tietoa/algaline_seuranta/en_GB/arkisto/$yResearch Datasets Collection
=859  \\$aXLD$bdatasets
=CAT  \\$aRESDATASET$b00$c20110825$lBLL01$h1145
=CAT  \\$a7332$b40$c20111209$lBLL01$h1323
=CAT  \\$a7332$b40$c20111216$lBLL01$h0911
=CAT  \\$aBATCH-UPD$b40$c20120821$lBLL01$h1643
=CAT  \\$aBATCH-UPD$b40$c20121018$lBLL01$h1009
=CAT  \\$aWR13.117$c20130718$lBLL01$h1857
=CAT  \\$aBATCH-UPD$b00$c20151031$lBLL01$h1724
=CAT  \\$a7332$b40$c20160510$lBLL01$h0750
=CAT  \\$aW1606-1753$c20171028$lBLL01$h1342
=FIN  \\$aY$d20111209
=FMT  \\$a  SE
=LAS  \\$aW1606-1753$b00$c20171028$lBLL01$h1342
=SRC  \\$aBLDatasets$bstm_datasets_20110825_mrc.xml
=STA  \\$aSUPPRESSED$bDataset no longer available
=TCO  \\$aZZZ$c008

