=LDR  02643 ai a2200649 a 4500
=001  015876871
=003  Uk
=005  20131223131126.0
=006  m\\\\\\\\m\|\\\\\\
=007  cr\|||||||||||
=008  110825c200u9999fi\uu\d\o\\\\\0\\\a2eng\\
=024  7\$astm20100816a$2local
=040  \\$aUk$beng$cUk$dUk
=042  \\$aukblsr
=082  04$a551.461334$223
=245  00$aData produced by BALANCE Project$h[electronic resource].
=260  \\$aHelsinki :$bHelsinki Commission
=336  \\$atext$2rdacontent
=337  \\$acomputer$2rdamedia
=338  \\$aonline resource$2rdacarrier
=500  \\$aTitle from home page (viewed on Jan. 5 2012).
=506  \\$aData are free to access.
=516  \\$ashapefile and raster formats.
=520  \\$aProvides geospatial data produced as part of the BALANCE project, covering: benthic habitats and habitat distribution; sediments; ice cover; modelled bottom oxygen concentrations by year, bottom current velocity and bottom salinity; modelled photic zone; marine disturbances, management and infrastructure and fish distributions. The project ended in 2007.
=522  \\$aBaltic Sea.
=538  \\$aMode of access: World Wide Web.
=540  \\$aNot stated.
=584  \\$aData were collected by the BALANCE Project.
=584  \\$aAccepting data submissions: No.
=650  \0$aOceanography$zBaltic Sea$vDatabases.
=650  \0$aMarine ecology$zBaltic Sea$zDatabases.
=653  2\$aLiving With Environmental Change
=655  \7$aDataset.$2local
=655  \7$aObservational data.$2local
=655  \7$aMonitoring data.$2local
=655  \7$aReference data.$2local
=690  7\$aResearch Datasets Collection$2blcoll
=710  2\$aBaltic Marine Environment Protection Commission.
=710  2\$aBALANCE (Project : EU)
=856  40$uhttp://helcom.fi/baltic-sea-trends/data-maps/biodiversity/balance/$yResearch Datasets Collection
=859  \\$aXLD$bdatasets
=CAT  \\$aRESDATASET$b00$c20110825$lBLL01$h1145
=CAT  \\$a7332$b40$c20120105$lBLL01$h1300
=CAT  \\$a7332$b40$c20120105$lBLL01$h1332
=CAT  \\$a7332$b40$c20120411$lBLL01$h0725
=CAT  \\$aBATCH-UPD$b40$c20120821$lBLL01$h1643
=CAT  \\$aBATCH-UPD$b40$c20121018$lBLL01$h1009
=CAT  \\$aWR13.117$c20130718$lBLL01$h1857
=CAT  \\$a7332$b40$c20131101$lBLL01$h0727
=CAT  \\$a7332$b40$c20131223$lBLL01$h1311
=CAT  \\$aW1606-1753$c20171028$lBLL01$h1342
=FIN  \\$aY$d20120105
=FMT  \\$a  SE
=LAS  \\$aW1606-1753$b00$c20171028$lBLL01$h1342
=SRC  \\$aBLDatasets$bstm_datasets_20110825_mrc.xml
=STA  \\$aSUPPRESSED$bDataset no longer available
=TCO  \\$aZZZ$c008

