=LDR  02943 ai a2200613 a 4500
=001  015876876
=003  Uk
=005  20141003083401.0
=006  m\\\\\\\\m\|\\\\\\
=007  cr\|||||||||||
=008  110825c200u9999it\uu\d\o\s\\\0\\\a2eng\\
=024  7\$astm20100720c$2local
=040  \\$aUk$beng$cUk
=042  \\$aukblsr
=082  04$a333.75$223
=245  00$aForest resource assessment 2000$h[electronic resource].
=246  3\$aFRA 2000
=260  \\$a[Rome] :$bFood and Agriculture Organization of the United Nations
=336  \\$atext$2rdacontent
=337  \\$acomputer$2rdamedia
=338  \\$aonline resource$2rdacarrier
=500  \\$aTitle from home page (viewed on Jan. 21, 2012).
=506  \\$aData are free to access.
=516  \\$aapplication/pdf.
=520  \\$aThe FRA 2000 gives data on the worlds forest resources, with data based on the analysis of country references, expert judgements, remote sensing and statistical modelling. Data tables in PDF format contain: Basic country data, forest management, FC-Information status, removals, forest cover, management areas, forest cover change, non-wood forest products, FC-Latest state, endangered species, forest plantations, forest by ecological zones, volume & biomass, forest in protected areas, forest fires, FRA 2000 country interaction. GIS data files of forest cover and ecological zones are also available per continent.
=538  \\$aMode of access: World Wide Web.
=540  \\$aAll rights reserved. FAO encourages the reproduction and dissemination of material published on this Web site. Non-commercial uses will be authorized free of charge, upon request.
=584  \\$aData are collected from national governments by the FAO.
=584  \\$aAccepting data submissions: No.
=650  \0$aForests and forestry$vStatistics$vDatabases.
=650  \0$aForest productivity$vStatistics$vDatabases.
=650  \0$aForest management$vDatabases.
=653  2\$aLiving With Environmental Change
=655  \7$aDataset.$2local
=655  \7$aStatistics.$2local
=655  \7$aMonitoring data.$2local
=655  \7$aReference data.$2local
=690  7\$aResearch Datasets Collection$2blcoll
=710  2\$aFood and Agriculture Organization of the United Nations.
=856  40$uhttp://www.fao.org/forestry/32202/en/$yResearch Datasets Collection
=859  \\$aXLD$bdatasets
=CAT  \\$aRESDATASET$b00$c20110825$lBLL01$h1145
=CAT  \\$a7332$b40$c20120121$lBLL01$h0623
=CAT  \\$aBATCH-UPD$b40$c20120821$lBLL01$h1643
=CAT  \\$aBATCH-UPD$b40$c20121018$lBLL01$h1009
=CAT  \\$aWR13.117$c20130718$lBLL01$h1857
=CAT  \\$a7332$b40$c20141003$lBLL01$h0834
=CAT  \\$aW1606-1753$c20171028$lBLL01$h1342
=FIN  \\$aY$d20120121
=FMT  \\$a  SE
=LAS  \\$aW1606-1753$b00$c20171028$lBLL01$h1342
=SRC  \\$aBLDatasets$bstm_datasets_20110825_mrc.xml
=STA  \\$aSUPPRESSED$bDataset no longer available
=TCO  \\$aZZZ$c008

