=LDR  02182 ai a22005055a 4500
=001  015876894
=003  Uk
=005  20121031110207.0
=007  cr\|||||||||||
=008  110825c\\\\9999\\\\\\\\o\\\\\0\\\a2eng\\
=024  7\$astm20100818a$2local
=245  00$aTexas Coastal Fisheries$h[electronic resource].
=260  \\$bHouston Advanced Research Center, The Woodlands, TX
=336  \\$atext$2rdacontent
=337  \\$acomputer$2rdamedia
=338  \\$aonline resource$2rdacarrier
=506  \\$aData are free to access.
=516  \\$aNot stated; text/html.
=520  \\$aData on the relative abundance of species in sample trawls are queried using the top-right-hand query box by bay of interest and sampling gear type. This data is available in Excel format and also gives the date and position of trawl. For mapped data, select a bay from the image. Habitat information is also given when selecting a sample site.
=522  \\$aTexas (state).
=540  \\$aNot stated.
=584  \\$aData were collected by the Texas Parks and Wildlife Department.
=584  \\$aAccepting data submissions: No.
=653  \\$aFisheries.
=653  \\$aCoastal Habitat.
=653  2\$aLiving With Environmental Change
=655  \7$aDataset.$2local
=655  \7$aObservational data.$2local
=655  \7$aMonitoring data.$2local
=690  7\$aResearch Datasets Collection$2blcoll
=710  2\$aTexas Parks and Wildlife Department Coastal Fisheries Division, Rockport, TX
=856  40$uhttp://www.nbii.gov/portal/server.pt?open=512&objID=1786&PageID=6518&mode=2&cached=true$yResearch Datasets Collection
=859  \\$aXLD$bdatasets
=CAT  \\$aRESDATASET$b00$c20110825$lBLL01$h1145
=CAT  \\$aBATCH-UPD$b00$c20120821$lBLL01$h1643
=CAT  \\$aBATCH-UPD$b00$c20121018$lBLL01$h1010
=CAT  \\$a7332$b40$c20121025$lBLL01$h1532
=CAT  \\$a7332$b40$c20121031$lBLL01$h1102
=CAT  \\$aWR13.117$c20130718$lBLL01$h1857
=CAT  \\$aW1606-1753$c20171028$lBLL01$h1342
=FMT  \\$a  SE
=LAS  \\$aW1606-1753$b00$c20171028$lBLL01$h1342
=SRC  \\$aBLDatasets$bstm_datasets_20110825_mrc.xml
=STA  \\$aSUPPRESSED$bDataset no longer available
=TCO  \\$aZZZ$c008

