=LDR  02878 ai a2200625 a 4500
=001  015876904
=003  Uk
=005  20141003085016.0
=006  m\\\\\\\\m\|\\\\\\
=007  cr\|||||||||||
=008  110825c20099999it\uu\d\o\\\\\0\\\a2eng\\
=024  7\$astm20100831c$2local
=040  \\$aUk$beng$cUk
=042  \\$aukblsr
=082  04$a333.9539094$223
=245  00$aBiomass compartments$h[electronic resource].
=246  3\$aCompartment database
=260  \\$aIspra :$bClimate Change Unit, Institute for Environment and Sustainability,$c2009-
=336  \\$atext$2rdacontent
=337  \\$acomputer$2rdamedia
=338  \\$aonline resource$2rdacarrier
=500  \\$aTitle from home page (viewed on Dec. 8, 2011).
=506  \\$aData are free to access.
=516  \\$atext/html; application/msexcel.
=520  \\$aProvides data for calculating biomass expansion factors (BEFs) for land use, land use change and forestry (LULUCF) reporting. Data gives absolute numbers of biomass and carbon stocks in individual areas. Data can be queried geographically (by country, region and location); by forest type, origin and composition; pools (defined as above/below ground, deadwood, under storey or combinations of these); and compartments (with definitions including bark, branches, foliage, fruits, stems and combinations there of).
=522  \\$aEurope (continent).
=538  \\$aMode of access: World Wide Web.
=540  \\$aNot stated.
=584  \\$aData are compiled form the literature by GHG AFOLU and preceding projects.
=584  \\$aAccepting data submissions: No.
=650  \0$aBiomass energy$zEuropean Union countries$vDatabases.
=650  \0$aEnergy crops$zEuropean Union countries$vDatabases.
=653  2\$aLiving With Environmental Change
=655  \7$aDataset.$2local
=655  \7$aObservational data.$2local
=655  \7$aReference data.$2local
=690  7\$aResearch Datasets Collection$2blcoll
=710  2\$aInstitute for Environment and Sustainability (European Commission. Joint Research Centre).$bClimate Change Unit.
=710  2\$aGHG-AFOLU (Project)
=856  40$uhttp://afoludata.jrc.ec.europa.eu/index.php/public_area/biomass_compartments$yResearch Datasets Collection
=859  \\$aXLD$bdatasets
=CAT  \\$aRESDATASET$b00$c20110825$lBLL01$h1145
=CAT  \\$a7332$b40$c20111208$lBLL01$h1037
=CAT  \\$a7332$b40$c20111216$lBLL01$h1237
=CAT  \\$aBATCH-UPD$b40$c20120821$lBLL01$h1643
=CAT  \\$aBATCH-UPD$b40$c20121018$lBLL01$h1009
=CAT  \\$aWR13.117$c20130718$lBLL01$h1857
=CAT  \\$a7332$b40$c20141003$lBLL01$h0850
=CAT  \\$aW1606-1753$c20171028$lBLL01$h1342
=FIN  \\$aY$d20111208
=FMT  \\$a  SE
=LAS  \\$aW1606-1753$b00$c20171028$lBLL01$h1342
=SRC  \\$aBLDatasets$bstm_datasets_20110825_mrc.xml
=STA  \\$aSUPPRESSED$bDataset no longer available
=TCO  \\$aZZZ$c008

