=LDR  02770 ai a2200661 a 4500
=001  015876905
=003  Uk
=005  20121220081007.0
=006  m\\\\\\\\m\|\\\\\\
=007  cr\|||||||||||
=008  110825c200u9999it\uu\d\o\\\\\0\\\a2eng\\
=024  7\$astm20100831b$2local
=040  \\$aUk$beng$cUk
=042  \\$aukblsr
=082  04$a582.160940223$223
=245  00$aTree Species Maps - Dominant Species Distribution$h[electronic resource].
=260  \\$aIspra :$bInstitute for Environment and Sustainability
=336  \\$atext$2rdacontent
=337  \\$acomputer$2rdamedia
=338  \\$aonline resource$2rdacarrier
=500  \\$aTitle from home page (viewed on Sept. 14, 2011).
=506  \\$aData are free to access.
=516  \\$aimage/png.
=518  \\$a2000-2080.
=520  \\$aThe distribution of 24 tree species across Europe in 2000 are available to download, and modelled habitat suitability for each of those species in 2020, 2050 and 2080 are given, based on the ENS, CCMA, CSIRO or HADCM3 climate models. Zipped files can be downloaded based on your query, and a visualisation of this data is given.
=522  \\$aEurope (continent).
=538  \\$aMode of access: World Wide Web.
=540  \\$aNot stated.
=584  \\$aData are collated by the EC-JRC Institute for Environment and Sustainability.
=584  \\$aAccepting data submissions: No.
=650  \0$aTrees$zEurope$xGeographical distribution$vMaps$vDatabases.
=650  \0$aVegetation and climate$xMathematical models$vDatabases.
=650  \0$aPhytogeography$xClimatic factors$zEurope$vDatabases.
=653  2\$aLiving With Environmental Change
=655  \7$aDataset.$2local
=655  \7$aModelled data.$2local
=655  \7$aMonitoring data.$2local
=655  \7$aReference data.$2local
=690  7\$aResearch Datasets Collection$2blcoll
=710  2\$aInstitute for Environment and Sustainability (European Commission. Joint Research Centre)
=710  2\$aEuropean Forest Data Centre.
=856  40$uhttp://efdac.jrc.ec.europa.eu/index.php/climate$yResearch Datasets Collection
=859  \\$aXLD$bdatasets
=985  \\$a710 new hdg.
=CAT  \\$aRESDATASET$b00$c20110825$lBLL01$h1145
=CAT  \\$a7332$b40$c20110914$lBLL01$h1048
=CAT  \\$a7332$b40$c20110914$lBLL01$h1052
=CAT  \\$aBATCH-UPD$b40$c20120821$lBLL01$h1643
=CAT  \\$aBATCH-UPD$b40$c20121018$lBLL01$h1010
=CAT  \\$a7332$b40$c20121220$lBLL01$h0810
=CAT  \\$aWR13.117$c20130718$lBLL01$h1857
=CAT  \\$aW1606-1753$c20171028$lBLL01$h1342
=FIN  \\$aY$d20110914
=FMT  \\$a  SE
=LAS  \\$aW1606-1753$b00$c20171028$lBLL01$h1342
=SRC  \\$aBLDatasets$bstm_datasets_20110825_mrc.xml
=STA  \\$aSUPPRESSED$bDataset no longer available
=TCO  \\$aZZZ$c008

