=LDR  01370 ai a22004095a 4500
=001  015876914
=003  Uk
=005  20121031110310.0
=007  cr\|||||||||||
=008  110825c\\\\9999\\\\\\\\o\\\\\0\\\a2eng\\
=024  7\$astm20101213b$2local
=245  00$aMosquitoMap$h[electronic resource].
=260  \\$bSmithsonian Institution
=336  \\$atext$2rdacontent
=337  \\$acomputer$2rdamedia
=338  \\$aonline resource$2rdacarrier
=506  \\$aData are free to access.
=510  3\$uhttp://dx.doi.org/10.1186/1476-072X-9-11
=516  \\$a.
=540  \\$aNot stated.
=655  \7$aDataset.$2local
=655  \7$aObservational data.$2local
=690  7\$aResearch Datasets Collection$2blcoll
=856  40$uhttp://www.mosquitomap.org/dataportal.htm$yResearch Datasets Collection
=859  \\$aXLD$bdatasets
=CAT  \\$aRESDATASET$b00$c20110825$lBLL01$h1145
=CAT  \\$aBATCH-UPD$b00$c20120821$lBLL01$h1643
=CAT  \\$aBATCH-UPD$b00$c20121018$lBLL01$h1010
=CAT  \\$a7332$b40$c20121025$lBLL01$h1533
=CAT  \\$a7332$b40$c20121031$lBLL01$h1103
=CAT  \\$aWR13.117$c20130718$lBLL01$h1857
=CAT  \\$aW1606-1753$c20171028$lBLL01$h1342
=FMT  \\$a  SE
=LAS  \\$aW1606-1753$b00$c20171028$lBLL01$h1342
=SRC  \\$aBLDatasets$bstm_datasets_20110825_mrc.xml
=STA  \\$aSUPPRESSED$bDataset no longer available
=TCO  \\$aZZZ$c008

