=LDR  01553 ai a22004575a 4500
=001  015876921
=003  Uk
=005  20141104132839.0
=007  cr\|||||||||||
=008  110825c\\\\9999\\\\\\\\o\\\\\0\\\a2eng\\
=024  7\$astm20110413a$2local
=245  00$aLakeBase$h[electronic resource].
=260  \\$bGlobal Lake Ecological Observatory Network (GLEON)
=336  \\$atext$2rdacontent
=337  \\$acomputer$2rdamedia
=338  \\$aonline resource$2rdacarrier
=506  \\$aData are free to access.
=516  \\$a.
=540  \\$aCreators/Contributors retain copyright.
=653  \\$aLakes.
=653  2\$aFlooding
=655  \7$aDataset.$2local
=655  \7$aReference data.$2local
=655  \7$aObservational data.$2local
=690  7\$aResearch Datasets Collection$2blcoll
=710  2\$aGlobal Lake Ecological Observatory Network (GLEON)
=856  40$uhttp://lakebase.gleon.org/$yResearch Datasets Collection
=859  \\$aXLD$bdatasets
=CAT  \\$aRESDATASET$b00$c20110825$lBLL01$h1145
=CAT  \\$aBATCH-UPD$b00$c20120821$lBLL01$h1643
=CAT  \\$aBATCH-UPD$b00$c20121018$lBLL01$h1010
=CAT  \\$a11279$b40$c20121023$lBLL01$h1351
=CAT  \\$aWR13.117$c20130718$lBLL01$h1857
=CAT  \\$a7332$b40$c20131017$lBLL01$h0818
=CAT  \\$a7332$b40$c20141104$lBLL01$h1328
=CAT  \\$aW1606-1753$c20171028$lBLL01$h1342
=FMT  \\$a  SE
=LAS  \\$aW1606-1753$b00$c20171028$lBLL01$h1342
=SRC  \\$aBLDatasets$bstm_datasets_20110825_mrc.xml
=STA  \\$aSUPPRESSED$bDataset no longer available
=TCO  \\$aZZZ$c008

