=LDR  02334 ai a2200613 a 4500
=001  015876926
=003  Uk
=005  20121031110443.0
=006  m\\\\\\\\m\|\\\\\\
=007  cr\|||||||||||
=008  110825c200u9999sw\uu\d\o\\\\\0\\\a2eng\\
=024  7\$astm20110413d$2local
=040  \\$aUk$beng$cUk
=042  \\$aukblsr
=082  04$a551.5$223
=245  00$aDatabase of the AOE-2001 Atmospheric Research Programme$h[electronic resource].
=260  \\$aLund :$bLund University
=336  \\$atext$2rdacontent
=337  \\$acomputer$2rdamedia
=338  \\$aonline resource$2rdacarrier
=500  \\$aTitle from home page (viewed on Mar. 30, 2012).
=506  \\$aUsers must apply for access to data.
=538  \\$aMode of access: World Wide Web.
=540  \\$aAccess is restricted to researchers who contributed data. Scientists outside this group can apply for access to selected data by request.
=584  \\$aAccepting data submissions: no.
=650  \0$aAtmosphere$vObservations$vDatabases.
=650  \0$aAtmosphere$xResearch$vDatabases.
=650  \0$aMeteorology$xResearch$zArctic regions$vDatabases.
=650  \0$aMeteorology$zArctic regions$vObservations$vDatabases.
=653  2\$aLiving With Environmental Change
=655  \7$aDataset.$2local
=655  \7$aObservational data.$2local
=655  \7$aMonitoring data.$2local
=655  \7$aReference data.$2local
=690  7\$aResearch Datasets Collection$2blcoll
=710  2\$aAOE-2001 Atmospheric Research Program.
=710  2\$aLunds universitet.
=856  40$uhttp://www.fysik.lu.se/eriksw/aoe2001/database.htm$yResearch Datasets Collection
=859  \\$aXLD$bdatasets
=CAT  \\$aRESDATASET$b00$c20110825$lBLL01$h1145
=CAT  \\$a7332$b40$c20120330$lBLL01$h1130
=CAT  \\$a7332$b40$c20120330$lBLL01$h1135
=CAT  \\$aBATCH-UPD$b40$c20120821$lBLL01$h1643
=CAT  \\$aBATCH-UPD$b40$c20121018$lBLL01$h1009
=CAT  \\$a7332$b40$c20121024$lBLL01$h0811
=CAT  \\$a7332$b40$c20121031$lBLL01$h1104
=CAT  \\$aWR13.117$c20130718$lBLL01$h1857
=CAT  \\$aW1606-1753$c20171028$lBLL01$h1342
=FIN  \\$aY$d20120330
=FMT  \\$a  SE
=LAS  \\$aW1606-1753$b00$c20171028$lBLL01$h1342
=SRC  \\$aBLDatasets$bstm_datasets_20110825_mrc.xml
=STA  \\$aSUPPRESSED$bDataset no longer available
=TCO  \\$aZZZ$c008

