=LDR  01850 ai a22005055a 4500
=001  015876943
=003  Uk
=005  20121031110533.0
=007  cr\|||||||||||
=008  110825c\\\\9999\\\\\\\\o\\\\\0\\\a2eng\\
=024  7\$astm20110601a$2local
=245  00$aDisease Vectors Database$h[electronic resource].
=260  \\$bBiodiversity and Biocultural Conservation Laboratory, University of Texas at Austin
=336  \\$atext$2rdacontent
=337  \\$acomputer$2rdamedia
=338  \\$aonline resource$2rdacarrier
=506  \\$aData are free to access.
=510  3\$uhttp://dx.doi.org/10.1371/journal.pntd.0000378
=516  \\$aapplication/vnd.google-earth.kml+xml; text/csv; text/plain.
=540  \\$aNot stated.
=584  \\$aData were obtained from the literature and can but submitted by researchers.
=584  \\$aAccepting data submissions: Yes.
=653  \\$aPublic Health.
=653  2\$aNeglected Tropical Disease
=655  \7$aDataset.$2local
=655  \7$aExperimental data.$2local
=655  \7$aObservational data.$2local
=690  7\$aResearch Datasets Collection$2blcoll
=710  2\$aAlexander Moffett
=710  2\$aStavana Strutz
=710  2\$aSahotra Sarkar
=856  40$uhttp://www.diseasevectors.org/$yResearch Datasets Collection
=859  \\$aXLD$bdatasets
=CAT  \\$aRESDATASET$b00$c20110825$lBLL01$h1145
=CAT  \\$aBATCH-UPD$b00$c20120821$lBLL01$h1643
=CAT  \\$aBATCH-UPD$b00$c20121018$lBLL01$h1010
=CAT  \\$a7332$b40$c20121024$lBLL01$h0911
=CAT  \\$a7332$b40$c20121031$lBLL01$h1105
=CAT  \\$aWR13.117$c20130718$lBLL01$h1857
=CAT  \\$aW1606-1753$c20171028$lBLL01$h1342
=FMT  \\$a  SE
=LAS  \\$aW1606-1753$b00$c20171028$lBLL01$h1342
=SRC  \\$aBLDatasets$bstm_datasets_20110825_mrc.xml
=STA  \\$aSUPPRESSED$bDataset no longer available
=TCO  \\$aZZZ$c008

