=LDR  01913 ai a2200565 a 4500
=001  015876974
=003  Uk
=005  20131017081657.0
=006  m\\\\\\\\m\|\\\\\\
=007  cr\|||||||||||
=008  110825c200u9999enkuu\d\o\\\\\0\\\a2eng\\
=024  7\$astm20110725b$2local
=040  \\$aUk$beng$cUk
=042  \\$aukblsr
=082  04$a540.0285$223
=245  04$aThe chemical database service$h[electronic resource].
=246  3\$aCDS
=260  \\$aWarrington :$bSTFC Daresbury Laboratory
=336  \\$atext$2rdacontent
=337  \\$acomputer$2rdamedia
=338  \\$aonline resource$2rdacarrier
=500  \\$aTitle from home page (viewed on Mar. 22, 2012).
=506  \\$aOnly free access for academic users.
=510  3\$uhttp://dx.doi.org/10.1021/ci960015+
=538  \\$aMode of access: World Wide Web.
=540  \\$aNot stated.
=584  \\$aData are aggregated by the CDS.
=584  \\$aAccepting data submissions: No.
=650  \0$aChemistry$vDatabases.
=655  \7$aDataset.$2local
=655  \7$aExperimental data.$2local
=655  \7$aMonitoring data.$2local
=655  \7$aReference data.$2local
=690  7\$aResearch Datasets Collection$2blcoll
=710  2\$aDaresbury Laboratory.
=856  40$uhttp://cds.dl.ac.uk/$yResearch Datasets Collection
=859  \\$aXLD$bdatasets
=CAT  \\$aRESDATASET$b00$c20110825$lBLL01$h1145
=CAT  \\$a7332$b40$c20120322$lBLL01$h1320
=CAT  \\$a7332$b40$c20120726$lBLL01$h0824
=CAT  \\$aBATCH-UPD$b40$c20120821$lBLL01$h1643
=CAT  \\$aBATCH-UPD$b40$c20121018$lBLL01$h1009
=CAT  \\$aWR13.117$c20130718$lBLL01$h1857
=CAT  \\$a7332$b40$c20131017$lBLL01$h0816
=CAT  \\$aW1606-1753$c20171028$lBLL01$h1342
=FMT  \\$a  SE
=LAS  \\$aW1606-1753$b00$c20171028$lBLL01$h1342
=SRC  \\$aBLDatasets$bstm_datasets_20110825_mrc.xml
=STA  \\$aSUPPRESSED$bDataset no longer available
=TCO  \\$aZZZ$c008

