=LDR  01574 ai a22004575a 4500
=001  015876981
=003  Uk
=005  20121031110647.0
=007  cr\|||||||||||
=008  110825c\\\\9999\\\\\\\\o\\\\\0\\\a2eng\\
=024  7\$astm20110815d$2local
=245  00$aMapSeq$h[electronic resource].
=260  \\$bThe Oxford-Sanger resource centre for Genomics and Global Health
=336  \\$atext$2rdacontent
=337  \\$acomputer$2rdamedia
=338  \\$aonline resource$2rdacarrier
=506  \\$aData are free to access.
=516  \\$a.
=540  \\$a.
=584  \\$aAccepting data submissions: No.
=653  \\$aGenetic Variation.
=653  2\$aNeglected Tropical Disease
=655  \7$aDataset.$2local
=655  \7$aExperimental data.$2local
=690  7\$aResearch Datasets Collection$2blcoll
=710  2\$aOxford-Sanger Resource Centre for Genomics and Global Health.
=856  40$uhttp://www.sanger.ac.uk/MapSeq/$yResearch Datasets Collection
=859  \\$aXLD$bdatasets
=CAT  \\$aRESDATASET$b00$c20110825$lBLL01$h1145
=CAT  \\$aBATCH-UPD$b00$c20120821$lBLL01$h1643
=CAT  \\$aBATCH-UPD$b00$c20121018$lBLL01$h1010
=CAT  \\$a7332$b40$c20121024$lBLL01$h1403
=CAT  \\$a7332$b40$c20121031$lBLL01$h1106
=CAT  \\$aWR13.117$c20130718$lBLL01$h1857
=CAT  \\$aW1606-1753$c20171028$lBLL01$h1342
=CAT  \\$a8964$b40$c20191203$lBLL01$h1556
=FMT  \\$a  SE
=LAS  \\$a8964$b40$c20191203$lBLL01$h1556
=SRC  \\$aBLDatasets$bstm_datasets_20110825_mrc.xml
=STA  \\$aSUPPRESSED$bDataset no longer available
=TCO  \\$aZZZ$c008

