=LDR  02622 ai a2200637 a 4500
=001  015876988
=003  Uk
=005  20121031110756.0
=006  m\\\\\\\\m\|\\\\\\
=007  cr\|||||||||||
=008  110825c200u9999xxuuu\d\o\\\\\0\\\a2eng\\
=024  7\$astm20110805c$2local
=040  \\$aUk$beng$cUk
=042  \\$aukblsr
=082  04$a551.46531345$223
=245  00$aEnvironmental monitors on lobster traps$h[electronic resource].
=246  3\$aeMOLT
=260  \\$aPortland :$bGulf of Maine Research Institute ;$aRye :$bNortheastern Regional Association of Coastal and Ocean Observing Systems
=336  \\$atext$2rdacontent
=337  \\$acomputer$2rdamedia
=338  \\$aonline resource$2rdacarrier
=500  \\$aTitle from home page (viewed on Feb. 17, 2012).
=506  \\$aData are free to access.
=510  3\$uManning, J.; Pelletier, E. (2009) Environmental monitors on lobster traps (eMOLT): long-term observations of New England's bottom-water temperatures. Journal of Operational Oceanography, Vol. 2, Number 1, February 2009. pp. 25-33(9)
=516  \\$atext/csv; text/plain; text/html.
=538  \\$aMode of access: World Wide Web.
=540  \\$aNot stated.
=584  \\$aData are collected by the eMOLT program.
=584  \\$aAccepting data submissions: No.
=650  \0$aOcean temperature$zMaine, Gulf of$vDatabases.
=650  \0$aBottom water (Oceanography)$zMaine, Gulf of$vObservations$vDatabases.
=653  2\$aLiving With Environmental Change
=655  \7$aDataset.$2local
=655  \7$aObservational data.$2local
=655  \7$aMonitoring data.$2local
=655  \7$aReference data.$2local
=690  7\$aResearch Datasets Collection$2blcoll
=710  2\$aGulf of Maine Research Institute.
=710  2\$aNortheastern Regional Association of Coastal and Ocean Observing Systems.
=710  2\$aGulf of Maine Ocean Observing System.
=856  40$uhttp://www.gomoos.org/emolt/index.html$yResearch Datasets Collection
=859  \\$aXLD$bdatasets
=CAT  \\$aRESDATASET$b00$c20110825$lBLL01$h1145
=CAT  \\$a7332$b40$c20120217$lBLL01$h0827
=CAT  \\$aBATCH-UPD$b40$c20120821$lBLL01$h1643
=CAT  \\$aBATCH-UPD$b40$c20121018$lBLL01$h1009
=CAT  \\$a7332$b40$c20121024$lBLL01$h1405
=CAT  \\$a7332$b40$c20121031$lBLL01$h1107
=CAT  \\$aWR13.117$c20130718$lBLL01$h1857
=CAT  \\$aW1606-1753$c20171028$lBLL01$h1342
=FIN  \\$aY$d20120217
=FMT  \\$a  SE
=LAS  \\$aW1606-1753$b00$c20171028$lBLL01$h1342
=SRC  \\$aBLDatasets$bstm_datasets_20110825_mrc.xml
=STA  \\$aSUPPRESSED$bDataset no longer available
=TCO  \\$aZZZ$c008

