=LDR  02521 ai a2200601 a 4500
=001  015876989
=003  Uk
=005  20121031110836.0
=006  m\\\\\\\\m\|\\\\\\
=007  cr\|||||||||||
=008  110825c200u9999xxuuu\d\o\\\\\0\\\a2eng\\
=024  7\$astm20010805d$2local
=040  \\$aUk$beng$cUk
=042  \\$aukblsr
=082  04$a639.580916345$223
=245  00$a[Northern shrimp fishery data]$h[electronic resource].
=260  \\$aPortland :$bGulf of Maine Research Institute ;$aRye :$bNortheastern Regional Association of Coastal and Ocean Observing Systems
=336  \\$atext$2rdacontent
=337  \\$acomputer$2rdamedia
=338  \\$aonline resource$2rdacarrier
=500  \\$aTitle supplied by cataloguer (publisher's Web site, viewed Feb. 8, 2012).
=506  \\$aData are free to access.
=516  \\$atext/csv; text/plain; text/html.
=538  \\$aMode of access: World Wide Web.
=540  \\$aNot stated.
=584  \\$aData was collected by the Northeastern Regional Association of Coastal and Ocean Observing Systems (previously by the Gulf of Maine Ocean Observing System).
=584  \\$aAccepting data submissions: No.
=650  \0$aPandalus borealis fisheries$zMaine, Gulf of$vDatabases.
=650  \0$aPandalus borealis$zMaine, Gulf of$vDatabases.
=653  2\$aLiving With Environmental Change
=655  \7$aDataset.$2local
=655  \7$aMonitoring data.$2local
=655  \7$aReference data.$2local
=690  7\$aResearch Datasets Collection$2blcoll
=710  2\$aGulf of Maine Research Institute.
=710  2\$aNortheastern Regional Association of Coastal and Ocean Observing Systems (Organization)
=856  40$uhttp://www.gomoos.org/shrimp/index.html?menu_choice=downloads&sid=sdb1:796dba4143850a3e1298e1054971e7c6$yResearch Datasets Collection
=859  \\$aXLD$bdatasets
=CAT  \\$aRESDATASET$b00$c20110825$lBLL01$h1145
=CAT  \\$a7332$b40$c20120208$lBLL01$h1522
=CAT  \\$a7332$b40$c20120307$lBLL01$h0829
=CAT  \\$a7332$b40$c20120724$lBLL01$h1111
=CAT  \\$aBATCH-UPD$b40$c20120821$lBLL01$h1643
=CAT  \\$aBATCH-UPD$b40$c20121018$lBLL01$h1010
=CAT  \\$a7332$b40$c20121024$lBLL01$h1406
=CAT  \\$a7332$b40$c20121031$lBLL01$h1108
=CAT  \\$aWR13.117$c20130718$lBLL01$h1857
=CAT  \\$aW1606-1753$c20171028$lBLL01$h1342
=FMT  \\$a  SE
=LAS  \\$aW1606-1753$b00$c20171028$lBLL01$h1342
=SRC  \\$aBLDatasets$bstm_datasets_20110825_mrc.xml
=STA  \\$aSUPPRESSED$bDataset no longer available
=TCO  \\$aZZZ$c008

