=LDR  02432 ai a2200589 a 4500
=001  015877008
=003  Uk
=005  20130806103426.0
=006  m\\\\\\\\m\|\\\\\\
=007  cr\|||||||||||
=008  110825c200u9999xxuuu\d\o\\\\\0\\\a2eng\\
=024  7\$astm20110810g$2local
=040  \\$aUk$beng$cUk
=042  \\$aukblsr
=082  04$a572.6$223
=245  00$aProteome Commons Tranche repository$h[electronic resource].
=246  1\$iHTML header:$aTranche - Proteome Commons
=260  \\$a[United States] :$bProteomeCommons.org
=336  \\$atext$2rdacontent
=337  \\$acomputer$2rdamedia
=338  \\$aonline resource$2rdacarrier
=500  \\$aTitle from Web page (viewed on Feb. 9, 2012).
=506  \\$aData are free to access.
=510  3\$uhttp://dx.doi.org/10.1021/pr1000972
=520  \\$aThe Proteome Commons Tranche repository is a distributed file storage system that you can upload files to and download files from. All files uploaded to the repository are replicated several times to protect against their accidental loss. Files uploaded to the repository can be of any size, can be of any file type, and can be encrypted with a passphrase of your choosing.
=538  \\$aMode of access: World Wide Web.
=540  \\$aMixed copyright, check each record for details.
=584  \\$aData are submitted by researchers.
=584  \\$aAccepting data submissions: Yes.
=650  \0$aProteomics$vDatabases.
=655  \7$aDataset.$2local
=655  \7$aExperimental data.$2local
=655  \7$aMonitoring data.$2local
=655  \7$aReference data.$2local
=690  7\$aResearch Datasets Collection$2blcoll
=710  2\$aProteomeCommons.org.
=856  40$uhttps://proteomecommons.org/tranche/$yResearch Datasets Collection
=859  \\$aXLD$bdatasets
=CAT  \\$aRESDATASET$b00$c20110825$lBLL01$h1145
=CAT  \\$a7332$b40$c20120209$lBLL01$h0809
=CAT  \\$a7332$b40$c20120328$lBLL01$h0717
=CAT  \\$a7332$b40$c20120726$lBLL01$h0856
=CAT  \\$aBATCH-UPD$b40$c20120821$lBLL01$h1643
=CAT  \\$aBATCH-UPD$b40$c20121018$lBLL01$h1010
=CAT  \\$aWR13.117$c20130718$lBLL01$h1857
=CAT  \\$a7332$b40$c20130806$lBLL01$h1034
=CAT  \\$aW1606-1753$c20171028$lBLL01$h1342
=FMT  \\$a  SE
=LAS  \\$aW1606-1753$b00$c20171028$lBLL01$h1342
=SRC  \\$aBLDatasets$bstm_datasets_20110825_mrc.xml
=STA  \\$aSUPPRESSED$bDataset no longer available
=TCO  \\$aZZZ$c008

