=LDR  02436 ai a2200565 a 4500
=001  016065488
=003  Uk
=005  20131101072805.0
=006  m\\\\\\\\m\|\\\\\\
=007  cr\|||||||||||
=008  120411c200u9999fi\mr\d\o\\\\\0\\\a2eng\\
=FMT  \\$a  SE
=024  7\$astm20120126a$2local
=040  \\$aUk$beng$cUk
=042  \\$aukblsr
=082  04$a551.461334
=245  00$aHELCOM Map and Data Service$h[electronic resource].
=260  \\$aHelsinki :$bHelsinki Commission
=310  \\$aMonthly
=336  \\$atext$2rdacontent
=337  \\$acomputer$2rdamedia
=338  \\$aonline resource$2rdacarrier
=538  \\$aMode of access: World Wide Web.
=500  \\$aTitle from Web page (viewed on Apr. 11, 2012).
=516  \\$aESRI shapefile; text/csv.
=520  \\$aData generated and collected by the Helsinki Comission, for monitoring of the Baltic Sea environment, is available via this service. Various ecological and man-made features, monitoring variables (e.g. fishing and nutient levels) and other features (such as protected areas and coastline use) can be visalised in this map viewer, and many layers can also be downloaded for viewing in GIS software. A link is provided to download all HELCOM data from ICES in CSV format.
=506  \\$aData are free to access.
=540  \\$aHELCOM data can be used freely for non-commercial purposes.
=584  \\$aData were collected by HELCOM.
=584  \\$aAccepting data submissions: No.
=650  \0$aOceanography$zBaltic Sea$vDatabases.
=650  \0$aMarine ecology$zBaltic Sea$zDatabases.
=653  2\$aLiving With Environmental Change
=655  \7$aDataset.$2local
=655  \7$aObservational data.$2local
=655  \7$aMonitoring data.$2local
=690  7\$aResearch Datasets Collection.$2blcoll
=710  2\$aBaltic Marine Environment Protection Commission.
=856  40$uhttp://www.helcom.fi/GIS/en_GB/HelcomGIS/$yResearch Datasets Collection
=859  \\$aXLD$bdatasets
=CAT  \\$a7332$b40$c20120411$lBLL01$h1006
=CAT  \\$a7332$b40$c20120419$lBLL01$h1106
=CAT  \\$aBATCH-UPD$b40$c20120821$lBLL01$h1643
=CAT  \\$aBATCH-UPD$b40$c20121018$lBLL01$h1009
=CAT  \\$aWR13.117$c20130718$lBLL01$h1857
=CAT  \\$a7332$b40$c20131101$lBLL01$h0728
=CAT  \\$aW1606-1753$c20171028$lBLL01$h1342
=FIN  \\$aY$d20120411
=STA  \\$aSUPPRESSED$bDataset no longer available
=LAS  \\$aW1606-1753$b00$c20171028$lBLL01$h1342

