=LDR  01957 am a2200457 a 4500
=001  016071260
=003  Uk
=005  20121120151258.0
=006  m\\\\||\\d\|\\\\\\
=007  cr\|||||||||||
=008  120423s2005\\\\enka\\\\ob\\\|0|0\0|eng\\
=FMT  \\$a  BK
=015  \\$aGBB2B6551$2bnb
=040  \\$aUk$beng$cUk
=042  \\$aukblsr
=082  04$a664.07015728$223
=245  00$aNovel methods for the detection of GM materials in foods and food ingredients$h[electronic resource].
=260  \\$a[London :$bFood Standards Agency,$c2005]
=300  \\$a1 online resource ([106] p.) :$bill. (some col.)
=336  \\$atext$2rdacontent
=337  \\$acomputer$2rdamedia
=338  \\$aonline resource$2rdacarrier
=500  \\$a"May 2005."
=500  \\$a"FSA project number: G01025."
=500  \\$aReport nos.: LGC/FQ/FA/2005/003 and LGC/FQ/FA/2005/004.
=504  \\$aIncludes bibliographical references.
=505  0\$aPart one: Using rolling circle amplification for the detection and relative quantification of GM derived material -- Part two: Evaluation of mass spectrometry for the detection and relative quantification of GM derived material.
=588  \\$aDescription based on online resource; title from PDF cover page (viewed on Nov. 20, 2012).
=650  \0$aTransgenic organisms$xIdentification.
=650  \0$aFood$xAnalysis$xMethodology.
=710  1\$aGreat Britain.$bFood Standards Agency.
=856  40$uhttp://foodbase.food.gov.uk//admintools/reportdocuments/58_102_G01025_Final_report.pdf$yResearch Datasets Collection
=859  \\$aXLD$bdatasets
=CAT  \\$a10958$b40$c20120423$lBLL01$h1354
=CAT  \\$a8141$b40$c20121120$lBLL01$h1512
=CAT  \\$aWR13.117$c20130718$lBLL01$h1857
=CAT  \\$aW1606-1753$c20171028$lBLL01$h1342
=CAT  \\$aW1711-1225$c20171203$lBLL01$h1048
=FIN  \\$aY$d20121120
=STA  \\$aSUPPRESSED$bunable to determine reason for suppression
=LAS  \\$aW1711-1225$b00$c20171203$lBLL01$h1048

