=LDR  01747 am a2200409 a 4500
=001  016071812
=003  Uk
=005  20121123121657.0
=006  m\\\\||\\d\|\\\\\\
=007  cr\|||||||||||
=008  120424s2003\\\\enka\\\\ob\\\|0|0\0|eng\\
=FMT  \\$a  BK
=040  \\$aUk$beng$cUk
=042  \\$aukblsr
=082  04$a664.07$223
=245  00$aOptimised uncertainty at minimum cost to achieve fitness-for-purpose in food analysis$h[electronic resource] :$bfinal technical report on E01034.
=260  \\$a[London :$bFood Standards Agency],$c2003.
=300  \\$a1 online resource ([71] p.) :$bill.
=336  \\$atext$2rdacontent
=337  \\$acomputer$2rdamedia
=338  \\$aonline resource$2rdacarrier
=500  \\$a"Project leader: Michael H. Ramsey; Project code: E01034, FS2934; Main contractor: University of Sussex; Start date: 01/10/1999, Finish date: 31/03/2003, Date of report: 25/05/2003."
=504  \\$aIncludes bibliographical references.
=588  \\$aDescription based on online resource; title from PDF cover page (viewed on Nov. 23, 2012).
=650  \0$aFood$xAnalysis$xMethodology.
=650  \0$aFood$xAnalysis$xCost effectiveness.
=710  1\$aGreat Britain.$bFood Standards Agency.
=856  40$uhttp://www.foodbase.org.uk//admintools/reportdocuments/204-1-339_E01034.pdf$yResearch Datasets Collection
=859  \\$aXLD$bdatasets
=CAT  \\$a10958$b40$c20120424$lBLL01$h1335
=CAT  \\$a8141$b40$c20121123$lBLL01$h1216
=CAT  \\$aWR13.117$c20130718$lBLL01$h1857
=CAT  \\$aW1606-1753$c20171028$lBLL01$h1342
=CAT  \\$aW1711-1225$c20171203$lBLL01$h1048
=FIN  \\$aY$d20121123
=STA  \\$aSUPPRESSED$bunable to determine reason for suppression
=LAS  \\$aW1711-1225$b00$c20171203$lBLL01$h1048

