=LDR  01938 am a2200445 a 4500
=001  016121019
=003  Uk
=005  20121112105954.0
=006  m\\\\||\\d\|\\\\\\
=007  cr\|||||||||||
=008  120709s2012\\\\enkab\\\ob\\\|0|0\0|eng\\
=FMT  \\$a  BK
=015  \\$aGBB2B3645$2bnb
=040  \\$aUk$beng$cUk
=042  \\$aukblsr
=082  04$a361.307155$223
=100  1\$aClapton, Kerrin.
=245  14$aThe supply of social work practice placements$h[electronic resource] :$bemployers' views : research report /$cauthor and research: Kerrin Clapton.
=260  \\$a[Great Britain] :$bGeneral Social Care Council,$cc2012.
=300  \\$a1 online resource (46 p.) :$bcol. ill., col. map.
=336  \\$atext$2rdacontent
=337  \\$acomputer$2rdamedia
=338  \\$aonline resource$2rdacarrier
=530  \\$aAlso issued in print format.
=504  \\$aIncludes bibliographical references.
=588  \\$aDescription based on online resource; title from PDF cover page (viewed on Nov. 12, 2012).
=650  \0$aSocial workers$xIn-service training$zEngland.
=690  7\$aSocial Welfare$2blcoll
=710  2\$aGeneral Social Care Council (Great Britain)
=856  40$uhttp://www.gscc.org.uk/cmsFiles/News%20items/RR_The_supply_of_social_work_practice_placements.pdf$yResearch Datasets Collection
=859  \\$aXLD$bdatasets
=CAT  \\$a10983$b40$c20120709$lBLL01$h1155
=CAT  \\$a8141$b40$c20121112$lBLL01$h1059
=CAT  \\$aWR13.117$c20130718$lBLL01$h1857
=CAT  \\$aW1606-1753$c20171028$lBLL01$h1342
=CAT  \\$aW1711-1225$c20171203$lBLL01$h1049
=FIN  \\$aY$d20121112
=LKR  \\$aPAR$b016155454$lBLL01$r776$mThe supply of social work practice placements employers' views : research report /$nThe supply of social work practice placements : employers' views : research report /
=STA  \\$aSUPPRESSED$bunable to determine reason for suppression
=LAS  \\$aW1711-1225$b00$c20171203$lBLL01$h1049

