=LDR  03021 ai a2200601 a 4500
=001  016217917
=003  Uk
=005  20141003084549.0
=006  m\\\\\\\\m\|\\\\\\
=007  cr\|||||||||||
=008  121126c200u9999xxuuu\d\o\\\\\0\\\a2eng\\
=FMT  \\$a  SE
=024  7\$astm20121030b$2local
=040  \\$aUk$beng$cUk
=042  \\$aukblsr
=082  04$a570$223
=245  04$aThe Gene Index Project$h[electronic resource].
=246  1\$iHTML header title:$aDFCI gene indices
=260  \\$a[Boston :$bHarvard University]
=336  \\$atext$2rdacontent
=337  \\$acomputer$2rdamedia
=338  \\$aonline resource$2rdacarrier
=538  \\$aMode of access: World Wide Web.
=500  \\$aTitle from home page (viewed on Dec. 5, 2012).
=516  \\$aFASTA format.
=506  \\$aData are free to access.
=520  \\$aGene indices of over 40 animal, 60 plant, 15 protist and 10 fungal species. This includes important crop, food and pest species (including, but not limited to: Atlantic cod and salmon; cattle (Bos Taurus); honey bee (Apis mellifera); locust (Locusta migratoria); pig (Sus scrofa); apple; barley; cassava (Manihot esculenta); cocoa (Theobroma cacao); maize (Zea mays), onion (Allium cepa); potato (Solanum tuberosum); rice (Oryza sativa) and tomato (Solanum lycopersicum)); disease species and vectors (such as: Aedes aegypti mosquito; Brugia malayi; Ixodes scapularis; Onchocerca volvulus; Schistosoma mansoni; Leishmania; Plasmodium falciparum; Trypanosoma brucei; Trypanosoma cruzi and Toxoplasma gondii) and model organisms (mouse (Mus musculus); rat (Rattus norvegicus); Arabidopsis thaliana; Saccharomyces cerevisiae; Neurospora crassa; Dictyostelium discoideum and Caenorhabditis elegans). Data can be downloaded from FTP in FASTA format.
=540  \\$aNot stated.
=584  \\$aData are collected by the Computational Biology and Functional Genomics Laboratory.
=584  \\$aAccepting data submissions: No.
=650  \0$aAnimals$xGenetics$vDatabases.
=650  \0$aPlants$xGenetics$vDatabases.
=650  \0$aProtista$xGenetics$vDatabases.
=650  \0$aFungi$xGenetics$vDatabases.
=653  2\$aNeglected Tropical Disease
=653  2\$aFood security
=655  \7$aDataset.$2local
=655  \7$aExperimental data.$2local
=655  \7$aReference data.$2local
=690  7\$aResearch Datasets Collection$2blcoll
=710  2\$aComputational Biology and Functional Genomics Laboratory.
=856  4\$uhttp://compbio.dfci.harvard.edu/tgi/tgipage.html$yResearch Datasets Collection
=859  \\$aXLD$bdatasets
=985  \\$a710 = new hdg.
=CAT  \\$aRESDATASET$b00$c20121126$lBLL01$h1531
=CAT  \\$a7332$b40$c20121205$lBLL01$h1539
=CAT  \\$aWR13.117$c20130718$lBLL01$h1857
=CAT  \\$a7332$b40$c20141003$lBLL01$h0845
=CAT  \\$aW1606-1753$c20171028$lBLL01$h1342
=FIN  \\$aY$d20121205
=SRC  \\$aBLDatasets$bstm_datasets_20121121.xml
=STA  \\$aSUPPRESSED$bDataset no longer available
=LAS  \\$aW1606-1753$b00$c20171028$lBLL01$h1342

