=LDR  01718 ai a2200505 a 4500
=001  016217946
=003  Uk
=005  20131017080953.0
=006  m\\\\\\\\m\|\\\\\\
=007  cr\|||||||||||
=008  121126c200u9999xxuuu\d\o\\\\\0\\\a2eng\\
=FMT  \\$a  SE
=024  7\$astm20120822k$2local
=040  \\$aUk$beng$cUk
=042  \\$aukblsr
=082  04$a624.151773$223
=245  00$aSoil data mart$h[electronic resource].
=260  \\$aWashington, D.C. :$bU.S. Dept. of Agriculture, NRCS.
=336  \\$atext$2rdacontent
=337  \\$acomputer$2rdamedia
=338  \\$aonline resource$2rdacarrier
=538  \\$aMode of access: World Wide Web.
=500  \\$aTitle from home page (viewed on Dec. 12, 2012).
=516  \\$aArcView.
=506  \\$aData are free to access.
=540  \\$aNot stated.
=584  \\$aAccepting data submissions: No.
=650  \0$aSoil surveys$zUnited States$vDatabases.
=650  \0$aSoils$zUnited States$vDatabases.
=653  2\$aFood security
=655  \7$aDataset.$2local
=655  \7$aObservational data.$2local
=690  7\$aResearch Datasets Collection$2blcoll
=710  1\$aUnited States.$bNatural Resources Conservation Service.
=856  4\$uhttp://soildatamart.nrcs.usda.gov/$yResearch Datasets Collection
=859  \\$aXLD$bdatasets
=CAT  \\$aRESDATASET$b00$c20121126$lBLL01$h1531
=CAT  \\$a7332$b40$c20121212$lBLL01$h0746
=CAT  \\$aWR13.117$c20130718$lBLL01$h1857
=CAT  \\$a7332$b40$c20131017$lBLL01$h0809
=CAT  \\$aW1606-1753$c20171028$lBLL01$h1342
=FIN  \\$aY$d20121212
=SRC  \\$aBLDatasets$bstm_datasets_20121121.xml
=STA  \\$aSUPPRESSED$bDataset no longer available
=LAS  \\$aW1606-1753$b00$c20171028$lBLL01$h1342

