=LDR  02073 ai a2200541 a 4500
=001  016217972
=003  Uk
=005  20140212075343.0
=006  m\\\\\\\\m\|\\\\\\
=007  cr\|||||||||||
=008  121126c200u9999xxuuu\d\o\\\\\0\\\a2eng\\
=FMT  \\$a  SE
=024  7\$astm20110909f$2local
=040  \\$aUk$beng$cUk
=042  \\$aukblsr
=082  04$a551.489$223
=245  00$aPotential inundation due to rising sea levels in the San Francisco Bay region$h[electronic resource].
=260  \\$a[United States] :$bUSGS.
=336  \\$atext$2rdacontent
=337  \\$acomputer$2rdamedia
=338  \\$aonline resource$2rdacarrier
=538  \\$aMode of access: World Wide Web.
=500  \\$aTitle from home page (viewed on Dec. 14, 2012).
=516  \\$aapplication/vnd.google-earth.kml+xml; GeoTIFF.
=506  \\$aData are free to access.
=520  \\$aVisualisation of potential 100-yr high water levels under projected sea level rise. Data layers can be downloaded in GeoTIFF format.
=540  \\$aNot stated.
=584  \\$aData are generated by the CASCaDE project.
=584  \\$aAccepting data submissions: No.
=650  \0$aFlood forecasting$zCalifornia$zSan Francisco Bay Area$vDatabases.
=653  2\$aFlooding
=655  \7$aDataset.$2local
=655  \7$aModelled data.$2local
=690  7\$aResearch Datasets Collection$2blcoll
=710  2\$aGeological Survey (U.S.)
=710  2\$aComputational Assessments of Scenarios of Change for the Delta Ecosystem (Project)
=856  4\$uhttp://cascade.wr.usgs.gov/data/Task2b-SFBay/$yResearch Datasets Collection
=859  \\$aXLD$bdatasets
=985  \\$a710 = new hdg.
=CAT  \\$aRESDATASET$b00$c20121126$lBLL01$h1531
=CAT  \\$a7332$b40$c20121214$lBLL01$h1810
=CAT  \\$aWR13.117$c20130718$lBLL01$h1857
=CAT  \\$a7332$b40$c20140212$lBLL01$h0753
=CAT  \\$aW1606-1753$c20171028$lBLL01$h1342
=FIN  \\$aY$d20121214
=SRC  \\$aBLDatasets$bstm_datasets_20121121.xml
=STA  \\$aSUPPRESSED$bDataset no longer available
=LAS  \\$aW1606-1753$b00$c20171028$lBLL01$h1342

