=LDR  02271 ai a2200565 a 4500
=001  016217973
=003  Uk
=005  20140212075457.0
=006  m\\\\\\\\m\|\\\\\\
=007  cr\|||||||||||
=008  121126c200u9999xxumr\d\o\\\\\0\\\a2eng\\
=FMT  \\$a  SE
=024  7\$astm20110909g$2local
=040  \\$aUk$beng$cUk$dUk
=042  \\$aukblsr
=082  04$a551.48309794$223
=245  00$aCalifornia Delta watershed data (7/14/2009)$h[electronic resource].
=260  \\$a[United States] :$bUSGS.
=310  \\$aMonthly
=336  \\$atext$2rdacontent
=337  \\$acomputer$2rdamedia
=338  \\$aonline resource$2rdacarrier
=538  \\$aMode of access: World Wide Web.
=500  \\$aTitle from home page (viewed on Dec. 17, 2012).
=516  \\$a.dat; .dss.
=506  \\$aData are free to access.
=520  \\$aModelled watershed data produced as part of the CASCaDE project. Daily and monthly predicted streamflow and steam temperature are given for the four different climate scenarios tested by the project. They can be downloaded via the 'watershed data for all scenarios' link in the left-hand navigation column.
=540  \\$aNot stated.
=584  \\$aData are generated by the CASCaDE project.
=584  \\$aAccepting data submissions: Yes.
=650  \0$aStream measurements$zCailfornia$zDatabases.
=650  \0$aWatersheds$zCalifornia$vDatabases.
=653  2\$aFlooding
=655  \7$aDataset.$2local
=655  \7$aModelled data.$2local
=690  7\$aResearch Datasets Collection$2blcoll
=710  2\$aGeological Survey (U.S.)
=710  2\$aComputational Assessments of Scenarios of Change for the Delta Ecosystem (Project)
=856  4\$uhttp://cascade.wr.usgs.gov/data/Task2-watershed/index.shtm$yResearch Datasets Collection
=859  \\$aXLD$bdatasets
=CAT  \\$aRESDATASET$b00$c20121126$lBLL01$h1531
=CAT  \\$a7332$b40$c20121217$lBLL01$h0834
=CAT  \\$aWR13.117$c20130718$lBLL01$h1857
=CAT  \\$a7332$b40$c20131002$lBLL01$h0825
=CAT  \\$a7332$b40$c20140212$lBLL01$h0754
=CAT  \\$aW1606-1753$c20171028$lBLL01$h1342
=FIN  \\$aY$d20121217
=SRC  \\$aBLDatasets$bstm_datasets_20121121.xml
=STA  \\$aSUPPRESSED$bDataset no longer available
=LAS  \\$aW1606-1753$b00$c20171028$lBLL01$h1342

