=LDR  02501 ai a2200613 a 4500
=001  016217980
=003  Uk
=005  20130425082033.0
=006  m\\\\\\\\m\|\\\\\\
=007  cr\|||||||||||
=008  121126c200u9999xx\uu\d\o\\\\\0\\\a2eng\\
=FMT  \\$a  SE
=024  7\$astm20110916a$2local
=040  \\$aUk$beng$cUk$dUk
=041  \\$aeng$afre$aara$aspa
=042  \\$aukblsr
=082  04$a363.610964$223
=245  00$aGeoNetwork opensource$h[electronic resource].
=260  \\$a[S.l. :$bs.n.]
=336  \\$atext$2rdacontent
=337  \\$acomputer$2rdamedia
=338  \\$aonline resource$2rdacarrier
=538  \\$aMode of access: World Wide Web.
=500  \\$aTitle from home page (viewed on Dec. 19, 2012).
=516  \\$aapplication/msexcel.
=546  \\$aInterface in English, French, Arabic and Spanish.
=506  \\$aData are free to access.
=520  \\$aProvides geographic datasets and maps for the IMPETUS project on fresh water supply in West Africa, concentrating on two specific river basins: wadi Drâa in Morocco and the Ouémé in Benin. Data can be selected by category, which cover aspects including agriculture, land use and forestry; climate and atmosphere; economy and infrastructure; society, population and health; soils, geosphere, vegetation and fauna.
=522  \\$aWest Africa.
=540  \\$aNot stated.
=584  \\$aData are generated from the IMPETUS project.
=584  \\$aAccepting data submissions: No.
=650  \0$aWater-supply$zAfrica, West$vDatabases.
=650  \0$aWater-supply$zAfrica, West$vMaps$vDatabases.
=650  \0$aWater resources development$zAfrica, West$vDatabases.
=653  2\$aLiving With Environmental Change
=653  2\$aFlooding
=655  \7$aDataset.$2local
=655  \7$aObservational data.$2local
=655  \7$aMetadata.$2local
=690  7\$aResearch Datasets Collection$2blcoll
=710  2\$aIMPETUS (Project)
=856  4\$uhttp://geonetwork.impetus.uni-koeln.de/srv/en/main.home$yResearch Datasets Collection
=859  \\$aXLD$bdatasets
=985  \\$a710 = new hdg.
=CAT  \\$aRESDATASET$b00$c20121126$lBLL01$h1531
=CAT  \\$a7332$b40$c20121219$lBLL01$h0734
=CAT  \\$a7332$b40$c20130425$lBLL01$h0820
=CAT  \\$aWR13.117$c20130718$lBLL01$h1857
=CAT  \\$aW1606-1753$c20171028$lBLL01$h1342
=FIN  \\$aY$d20121219
=SRC  \\$aBLDatasets$bstm_datasets_20121121.xml
=STA  \\$aSUPPRESSED$bDataset no longer available
=LAS  \\$aW1606-1753$b00$c20171028$lBLL01$h1342

