=LDR  02084 ai a2200553 a 4500
=001  016218000
=003  Uk
=005  20130604082306.0
=006  m\\\\\\\\m\|\\\\\\
=007  cr\|||||||||||
=008  121126c200u9999ko\uu\d\o\\\\\0\\\a2eng\\
=FMT  \\$a  SE
=024  7\$astm20121103b$2local
=040  \\$aUk$beng$cUk
=042  \\$aukblsr
=082  04$a641.35125$223
=245  00$aBrassica rapa Genome Project$h[electronic resource].
=246  3\$aBrGP
=260  \\$aKorea :$bNational Academy of Agricultural Science.
=336  \\$atext$2rdacontent
=337  \\$acomputer$2rdamedia
=338  \\$aonline resource$2rdacarrier
=538  \\$aMode of access: World Wide Web.
=500  \\$aTitle from home page (viewed on Jan. 2, 2013).
=506  \\$aData are free to access.
=520  \\$aGenome sequencing and mapping data for Brassica rapa (chinese cabbage). Sequencing is being undertaken by a multi-national team of researchers. Gene sequences and annotations can be searched by BLAST and keyword.
=540  \\$aNot stated.
=584  \\$aData are collected by the Brassica rapa Genome Sequencing Project.
=584  \\$aAccepting data submissions: No.
=650  \0$aTurnips$xGenetics$vDatabases.
=650  \0$aPlant genomes$vDatabases.
=653  2\$aFood security
=655  \7$aDataset.$2local
=655  \7$aExperimental data.$2local
=690  7\$aResearch Datasets Collection$2blcoll
=710  2\$aKungnip Nongŏp Kwahagwŏn (Korea)
=710  2\$aBrassica rapa Genome Sequencing Project.
=856  4\$uhttp://www.brassica-rapa.org/$yResearch Datasets Collection
=859  \\$aXLD$bdatasets
=985  \\$a710/2 = new hdg.
=CAT  \\$aRESDATASET$b00$c20121126$lBLL01$h1531
=CAT  \\$a7332$b40$c20130102$lBLL01$h0853
=CAT  \\$a7332$b40$c20130604$lBLL01$h0823
=CAT  \\$aWR13.117$c20130718$lBLL01$h1857
=CAT  \\$aW1606-1753$c20171028$lBLL01$h1342
=FIN  \\$aY$d20130102
=SRC  \\$aBLDatasets$bstm_datasets_20121121.xml
=STA  \\$aSUPPRESSED$bDataset no longer available
=LAS  \\$aW1606-1753$b00$c20171028$lBLL01$h1342

