=LDR  02112 ai a2200565 a 4500
=001  016218001
=003  Uk
=005  20130319103406.0
=006  m\\\\\\\\m\|\\\\\\
=007  cr\|||||||||||
=008  121126c200u9999enkuu\d\o\\\\\0\\\a2eng\\
=FMT  \\$a  SE
=024  7\$astm20121103c$2local
=040  \\$aUk$beng$cUk
=042  \\$aukblsr
=082  04$a635.34233$223
=245  00$aInterStoreDB for Brassica$h[electronic resource].
=260  \\$aHarpenden :$bRothamsted Research Limited.
=336  \\$atext$2rdacontent
=337  \\$acomputer$2rdamedia
=338  \\$aonline resource$2rdacarrier
=538  \\$aMode of access: World Wide Web.
=500  \\$aTitle from home page (viewed on Jan. 2, 2013).
=516  \\$aapplication/msexcel.
=506  \\$aData are free to access.
=520  \\$aProvides interconnected datasets of Brassica species genetic and genomic sequences, alignments and annotations.
=540  \\$aUnless otherwise stated, the copyright and database rights for InterStoreDB are owned by Rothamsted Research Limited (RRes).
=584  \\$aData are collected by Rothamstead Research.
=584  \\$aAccepting data submissions: No.
=650  \0$aBrassica$xGenetics$vDatabases.
=650  \0$aPlant genomes$vDatabases.
=653  2\$aFood security
=655  \7$aDataset.$2local
=655  \7$aLongitudinal data.$2local
=690  7\$aResearch Datasets Collection$2blcoll
=710  2\$aRothamsted Research.
=856  4\$uhttp://www.brassica.info/InterStore/$yResearch Datasets Collection
=859  \\$aXLD$bdatasets
=985  \\$a710 = new hdg.
=CAT  \\$aRESDATASET$b00$c20121126$lBLL01$h1531
=CAT  \\$a7332$b40$c20130102$lBLL01$h1010
=CAT  \\$a7332$b40$c20130319$lBLL01$h1034
=CAT  \\$aWR13.117$c20130718$lBLL01$h1857
=CAT  \\$a11837$b40$c20150924$lBLL01$h1658
=CAT  \\$aBATCH-UPD$b40$c20150924$lBLL01$h1659
=CAT  \\$aW1606-1753$c20171028$lBLL01$h1342
=FIN  \\$aY$d20130102
=SRC  \\$aBLDatasets$bstm_datasets_20121121.xml
=STA  \\$aSUPPRESSED$bDataset no longer available
=LAS  \\$aW1606-1753$b00$c20171028$lBLL01$h1342

